3450 5350
1576 591 1777 656 23-

671 777 740 840 L.
789 775 970 840 Abin
1012 774 1393 839 dierectus?
1433 771 1504 836 C.
1546 772 1741 837 Haud
1784 770 2047 836 malast.
2088 771 2161 836 L.
2198 775 2294 838 At
2319 776 2396 838 tu
2420 773 2679 838 malu’S.

583 898 778 963 Most.
829 897 904 961 8:

675 1018 804 1083 Abi
854 1034 987 1090 rus,
1037 1015 1146 1080 abi
1191 1015 1494 1094 dierecte,
1544 1013 1823 1080 abscede
1866 1013 1952 1078 ab
1999 1012 2223 1102 ianua.

588 1140 783 1204 Most.
833 1138 985 1202 849.
1032 1134 1198 1201 850:

682 1260 837 1324 Est!
879 1259 1006 1339 abi,
1034 1259 1220 1323 canis
1260 1258 1399 1323 est!
1437 1257 1592 1322 abin
1617 1256 1954 1322 dierecta?
1990 1258 2147 1322 abin
2171 1257 2324 1322 hinc
2347 1259 2414 1322 in
2440 1259 2687 1323 malam

597 1365 600 1368 ’
2264 1383 2547 1456 [crucem
2564 1381 2599 1443 ἱ)

591 1502 792 1566 Poen.
848 1502 1010 1566 160:

679 1623 764 1686 A.
814 1623 946 1686 Abi
994 1622 1344 1688 dierectus.
1391 1621 1477 1687 M.
1525 1621 1642 1686 Dic
1687 1620 1853 1686 mihi
1898 1637 2055 1685 vero
2102 1620 2292 1686 serio.

589 1744 786 1810 Poen.
837 1744 1004 1812 347:

681 1865 769 1930 M.
821 1865 1072 1932 Bellula
1119 1866 1351 1931 hercle.
1393 1865 1490 1929 A.
1519 1865 1550 1928 I
1588 1865 1877 1930 dierecte
1913 1865 1982 1928 in
2022 1881 2412 1929 maxumam
2452 1863 2695 1930 malam

1446 1966 1451 1971 ’
2298 1990 2605 2064 [crucem.

589 2109 759 2174 Rud.
815 2109 1020 2174 1170:

681 2231 752 2296 P.
808 2232 968 2298 Post
1017 2230 1329 2297 sicilicula
1372 2231 1755 2310 argenteola
1799 2234 1871 2295 et
1915 2230 2084 2295 duae
2129 2246 2419 2294 conexae
2464 2245 2691 2294 manu·

2276 2350 2485 2428 [culae
2533 2352 2603 2414 et

684 2473 943 2540 Sucula.
1007 2474 1085 2539 G.
1150 2474 1322 2554 Quin
1383 2477 1463 2539 tu
1518 2474 1541 2538 i
1588 2474 1895 2557 dierecta,
1946 2490 2098 2538 cum
2148 2470 2377 2538 sucula
2422 2475 2493 2537 et
2538 2487 2692 2536 cum

2276 2593 2601 2673 [porculis.

595 2716 774 2781 Trin.
825 2716 990 2783 457:

679 2838 752 2902 L.
802 2838 981 2903 Abin
1021 2838 1175 2904 hinc
1213 2838 1546 2904 dierecte‘?
1580 2837 1646 2902 S.
1669 2834 1738 2902 Si
1762 2837 1975 2902 hercle
1998 2838 2094 2903 ire
2116 2836 2450 2919 occipiam,
2479 2838 2693 2900 votes.

591 2960 942 3025 Praeterea
1029 2960 1091 3025 N
1092 2977 1290 3026 omns
1376 2961 1555 3025 hunc
1636 2959 1835 3025 affert
1902 2976 2173 3025 versum
2244 2958 2693 3031 Eumenidum

506 3078 858 3145 Varronis:

678 3199 907 3283 Apage
945 3203 1011 3267 in
1053 3203 1420 3268 dierectum
1459 3220 1501 3267 a
1532 3202 1725 3268 domo
1749 3205 1982 3268 nostra
2005 3203 2208 3267 istam
2234 3202 2692 3266 insanitatem.

589 3322 772 3403 Quod
820 3323 904 3388 ad
951 3341 1299 3389 summum
1345 3325 1619 3405 attinet,
1659 3323 1740 3389 de
1780 3324 1964 3389 vocis
2007 3340 2138 3389 usu
2176 3326 2355 3388 recte
2393 3322 2696 3402 disputat

499 3445 748 3509 Omons
779 3441 861 3528 ¹):
931 3446 1028 3531 „it
1083 3446 1144 3510 is
1191 3446 1356 3511 used
1405 3446 1665 3528 always
1707 3446 1877 3511 with
1923 3446 2122 3511 verbs
2166 3444 2236 3511 of
2277 3444 2547 3525 motion,
2598 3442 2695 3526 (1)

497 3582 573 3631 as
636 3582 677 3630 a
738 3566 1064 3647 vocative,
1131 3567 1228 3650 (2)
1291 3584 1368 3633 as
1428 3585 1469 3633 a
1533 3567 1949 3635 nominative
2008 3566 2316 3645 agreeing
2362 3564 2532 3630 with
2580 3564 2694 3629 the

500 3688 679 3770 verb,
745 3687 837 3770 (3)
899 3680 976 3753 a's
1037 3705 1124 3753 an
1189 3689 1574 3755 accusative
1637 3688 1948 3769 agreeing
2007 3687 2174 3752 with
2238 3687 2352 3751 the
2413 3682 2693 3767 object.”

500 3808 626 3873 Pro
686 3809 912 3875 verbis
966 3810 1278 3876 movendi
1325 3811 1628 3891 equidem
1677 3810 1880 3875 verba
1932 3806 2363 3894 „amovendi”
2411 3807 2696 3872 dixerim

500 3928 759 4009 potius3
826 3933 1167 4009 praeterea
1234 3932 1485 3996 formas
1548 3931 1617 3995 in
1681 3949 1733 3994 -e
1793 3934 2123 3996 exeuntes
2173 3927 2483 3994 adverbia
2529 3927 2695 3991 mihi

499 4065 650 4115 esse
697 4049 925 4131 videri,
978 4067 1108 4115 non
1159 4051 1520 4135 vocatiVOS‚
1573 4069 1730 4116 mox
1778 4050 2140 4132 apparebit.

593 4170 844 4235 Veram
883 4171 1068 4236 vocis
1097 4171 1382 4237 formam
1406 4173 1747 4237 invenisse
1770 4172 1937 4236 mihi
1961 4170 2226 4235 videtur
2250 4147 2691 4250 Nn'rtrnnsmi),

575 4428 632 4499 1)
667 4426 895 4485 Journal
931 4426 989 4483 of
1022 4424 1296 4502 Philology
1339 4426 1470 4481 XIV
1507 4444 1556 4499 p.
1596 4428 1661 4483 61
1697 4444 1773 4501 sq.
