3450 5350
1825 589 1913 658 66

957 770 1072 845 <S
1088 790 1126 838 e
1143 789 1240 854 qu
1257 790 1294 838 e
1309 791 1344 839 r
1357 791 1396 839 e
1441 774 1486 839 11
1502 791 1543 839 6
1557 791 1595 838 6
1637 773 1722 840 ad
1752 773 2080 852 lenonem,
2106 776 2371 843 habitat
2391 776 2499 842 his
2520 775 2591 840 in
2616 774 2956 847 aedibus>

847 949 854 958 .
950 894 1178 976 Atque
1222 913 1454 962 eccum
1501 896 1710 962 video.

860 1015 956 1081 Ut
1017 1015 1153 1082 iam
1211 1017 1370 1097 dixi,
1436 1018 1891 1084 controversia
1934 1022 2043 1085 est
2089 1020 2265 1086 inter
2309 1020 2490 1086 viros
2536 1019 2783 1098 doctoS,
2832 1031 2961 1098 quo

633 1109 638 1119 ¹
768 1140 1028 1219 spectet
1085 1139 1247 1205 illud
1307 1141 1791 1222 iusiurandum,
1852 1141 2029 1223 quod
2087 1140 2235 1208 leno
2288 1141 2768 1223 impedimento
2814 1155 2963 1205 esse

765 1257 946 1335 dicit,
993 1260 1354 1340 quominus
1397 1261 1600 1326 faciat
1646 1259 1819 1343 quod
1863 1263 2055 1339 rogat
2099 1261 2541 1342 argentarius.
2604 1260 2714 1325 Ad
2757 1276 2961 1342 quam

764 1396 909 1447 rem
969 1380 1462 1447 diiudicandam
1522 1382 2073 1463 proficiscendum
2132 1400 2281 1449 esse
2342 1386 2507 1463 puto
2568 1399 2609 1448 a
2651 1399 2754 1448 vs.
2805 1381 2955 1463 566,

763 1500 878 1566 ubi
924 1501 1072 1566 leno
1117 1501 1444 1568 adversus
1489 1498 1776 1569 militem
1820 1503 2143 1583 gloriatur
2185 1520 2257 1569 se
2301 1503 2539 1570 fecisse
2578 1503 2751 1585 quod
2787 1503 2957 1568 iura·

761 1623 880 1687 tus
948 1626 1074 1688 est.
1160 1623 1327 1704 Quid
1391 1627 1628 1690 autem
1694 1624 1855 1691 fecit
1922 1624 2030 1690 vel
2100 1641 2173 1691 se
2241 1623 2476 1690 fecisse
2542 1623 2908 1690 arbitratur
2922 1621 2957 1686 ἱ)

762 1743 1151 1811 Arbitratur
1195 1763 1269 1811 se
1313 1746 1644 1826 virginem
1690 1746 2046 1812 tradidisse
2093 1746 2175 1824 ei,
2223 1746 2337 1828 qui
2375 1765 2416 1813 a
2454 1745 2665 1812 milite
2704 1746 2956 1812 missus

760 1865 871 1931 sit.
935 1866 1130 1932 Unde
1190 1867 1559 1934 necessario
1586 1912 1590 1916 -
1617 1867 1806 1949 sequi
1866 1867 2182 1938 existimo
2242 1868 2550 1934 lenonem
2611 1867 2811 1933 militi
2854 1867 2951 1932 de·

758 1986 936 2053 disse
980 1988 1444 2054 iusiurandum
1488 2005 1562 2056 se
1607 1989 1940 2069 virginem
1986 2007 2118 2056 non
2169 1989 2283 2055 alii
2306 1989 2738 2055 venditurum
2783 2005 2951 2054 esse.

758 2109 857 2174 At
893 2091 1241 2192 'quomodo
1295 2112 1417 2177 1166
1461 2112 1770 2191 congruit
1814 2129 1969 2178 cum
2014 2129 2118 2178 vs.
2168 2111 2351 2178 458?
2397 2111 2634 2178 Unum·
2677 2114 2952 2177 tantum

756 2247 873 2312 pro
919 2235 1100 2298 certo
1146 2231 1362 2298 statui
1407 2249 1598 2314 posse
1644 2233 1909 2315 opinor:
1958 2233 2107 2299 leno
2148 2233 2513 2314 trapezitae
2552 2233 2834 2312 roganti,
2873 2235 2951 2298 ut

755 2353 993 2419 mittat
1052 2354 1383 2434 virginem
1443 2372 1598 2421 cum
1660 2355 1903 2421 comite
1955 2372 2101 2432 suo,
2150 2355 2473 2421 obiciens:
2531 2355 2724 2440 „quid
2773 2352 2948 2436 quod

753 2475 1014 2542 iuratus
1057 2494 1210 2543 sum
1225 2477 1304 2543 ?’'
1349 2477 1614 2557 ignorat
1659 2479 1847 2544 illum
1884 2477 2247 2558 argentarii
2285 2477 2603 2543 comitem
2626 2475 2947 2542 nuntium

753 2598 977 2680 putari
1022 2616 1063 2663 a
1110 2599 1320 2665 milite
1361 2600 1670 2678 missum,
1709 2600 2062 2666 existimat
2097 2599 2388 2682 aliquem
2426 2598 2636 2664 alium
2674 2614 2825 2664 esse
2860 2614 2948 2663 ex

751 2718 856 2795 116,
923 2736 1210 2801 6116111111
1277 2738 1386 2787 166
1453 2722 1874 2802 pecuniariae
1935 2740 1976 2787 a
2037 2722 2301 2805 Lycone
2360 2720 2945 2787 administrantur.

749 2840 922 2919 Ergo
964 2842 1266 2907 consulto
1313 2846 1509 2923 poeta
1554 2847 1698 2909 tam
1740 2844 1961 2909 brevis
1998 2844 2106 2909 hic
2144 2847 2265 2927 est,
2308 2842 2611 2910 consulto
2636 2841 2946 2908 lenonem

750 2978 884 3027 non
942 2962 1105 3028 facit
1164 2967 1533 3043 rogantem,
1594 2966 1744 3047 quis
1794 2964 1905 3031 ille
1951 2966 2063 3039 sit,
2113 2982 2399 3046 quocum
2465 2968 2546 3030 ut
2611 2964 2944 3044 virginem

749 3084 985 3150 mittat
1044 3088 1336 3165 rogatur.
1397 3086 1571 3152 Tum
1612 3087 2010 3169 praesertim
2055 3086 2167 3153 illa
2210 3086 2511 3152 brevitas
2552 3084 2769 3167 lepida
2812 3088 2939 3169 est,

748 3205 806 3270 si
853 3206 1186 3273 sumimus
1231 3206 1538 3273 lenonem
1586 3208 1782 3289 paulo
1828 3211 1989 3274 ante
2033 3210 2449 3274 metuentem
2473 3208 2645 3273 iram
2668 3207 2941 3273 deorum

744 3326 1095 3394 consilium
1131 3331 1600 3411 pronuntiasse
1637 3329 2103 3397 iusiurandum
2126 3328 2326 3394 militi
2349 3328 2584 3395 datum
2606 3328 2939 3396 servandi.

743 3446 1106 3514 Pecuniam
1166 3454 1414 3533 autem,
1479 3468 1684 3532 quam
1742 3448 1938 3537 Lyco]
1974 3450 2037 3514 ei
2082 3449 2479 3531 praetendit,
2526 3448 2941 3532 conspiciens

742 3584 956 3649 neque
1025 3570 1372 3651 suspicans
1433 3570 1776 3637 hominem
1840 3588 1880 3637 a
1942 3568 2157 3637 milite
2217 3570 2505 3636 missum
2564 3584 2734 3646 esse,
2805 3571 2941 3635 sta·

742 3690 872 3755 tim
931 3691 1189 3756 consilii
1252 3690 1666 3759 obliviscitur
1725 3709 1960 3776 neque,
2003 3692 2248 3774 quippe
2300 3692 2473 3775 quod
2518 3691 2681 3756 nihil
2726 3693 2939 3768 curet,

739 3814 945 3893 rogat,
1006 3812 1161 3892 quis
1222 3810 1328 3877 ille
1389 3813 1483 3879 sit
1541 3815 1761 3892 homo,
1825 3814 1942 3881 sed
2003 3817 2235 3880 tamen
2292 3813 2602 3893 religione
2648 3812 2938 3894 quadam

739 3931 986 3997 anxius
1032 3932 1416 4001 dubitanter
1463 3937 1696 4003 obicit:
1754 3936 1949 4023 „quid
1995 3934 2167 4018 quod
2213 3935 2479 4001 iuratus
2515 3952 2668 4000 sum
2686 3935 2767 3999 ?'’
2807 3934 2936 4001 Sed

735 4056 816 4119 ut
877 4054 1000 4119 hoc
1058 4056 1336 4122 omittat
1380 4058 1476 4123 nil
1523 4076 1692 4140 opus
1736 4062 1845 4125 est
1890 4060 2154 4139 praeter
2172 4100 2177 4103 -
2196 4073 2408 4139 pauca
2451 4055 2562 4122 illa
2606 4056 2932 4139 Lyconis:

738 4175 936 4259 „quid
994 4175 1061 4241 id
1119 4177 1323 4243 refert
1384 4183 1522 4264 tua,
1579 4182 1744 4247 dum
1789 4182 2147 4261 argentum
2190 4178 2475 4260 accipias
2488 4178 2568 4244 ?”
2612 4179 2794 4245 Nihil
2840 4178 2933 4243 ni·

733 4296 983 4361 mirum
1050 4298 1136 4363 ad
1203 4316 1346 4364 rem
1407 4302 1720 4385 pertinet,
1785 4304 2022 4368 utrum
2084 4300 2282 4382 Lch,
2346 4300 2460 4381 6111
2518 4300 2589 4365 16
2650 4300 2933 4365 emenda

732 4417 988 4497 virgine
1035 4419 1232 4486 affuit
1277 4422 1388 4502 (cf.
1433 4441 1536 4489 vs.
1587 4425 1766 4510 484),
1808 4425 2017 4490 etiam
2040 4423 2110 4488 in
2132 4422 2241 4487 illo
2264 4421 2481 4487 dando
2506 4419 2930 4487 iureiurando
