3450 5350
1851 584 1940 651 80

792 765 1061 833 Aediles
1108 764 1241 846 pl.'’
1302 764 1398 832 De
1459 783 1589 848 quo
1647 767 1788 833 loco
1835 769 1932 835 sic
1976 769 2279 851 disputat
2323 769 2661 836 Unmcns:
2717 784 2828 857 „so
2874 767 2995 833 bat

792 886 897 952 die
928 885 1164 963 Stelle,
1212 888 1422 954 worin
1469 888 1575 955 die
1622 890 2008 971 Beziehung
2053 890 2177 957 auf
2214 892 2322 957 die
2369 893 2628 973 septem
2677 889 2994 955 tabernae

798 1008 1005 1074 sebon
1066 1004 1199 1074 xion
1262 1012 1345 1074 A.
1409 1009 1840 1090 Augustinus
1901 1010 2292 1077 vermuthet
2349 1012 2486 1078 und
2533 1011 2663 1077 seit
2710 1009 3000 1089 Scaliger

798 1130 1181 1195 anerkannt
1224 1130 1494 1196 worden
1540 1131 1652 1213 ist,
1703 1132 1777 1195 O.
1827 1131 2059 1198 Muller
2103 1132 2255 1198 dem
2303 1131 2509 1198 Sinne
2547 1132 2719 1198 nach
2758 1130 3000 1210 richtig

796 1252 1201 1333 hergestellt.
1266 1252 1326 1317 N
1330 1270 1410 1317 ur
1454 1252 1675 1318 diirfte
1737 1254 1808 1317 Z.
1859 1256 1921 1319 2.
1972 1257 2146 1320 statt
2190 1256 2266 1336 et,
2316 1255 2602 1321 welches
2651 1253 2885 1318 Miiller
2929 1252 2998 1317 in

798 1374 914 1438 sed
958 1374 1211 1439 andern
1259 1372 1501 1457 wollte‚
1552 1374 1709 1439 eher
1754 1376 1878 1439 etsi
1921 1393 2007 1441 zu
2043 1374 2226 1441 lesen
2251 1376 2416 1441 sein.
2463 1376 2504 1441 J
2506 1374 2822 1441 edenfalls
2843 1373 3002 1438 aber

802 1496 895 1561 ist
940 1496 1009 1560 in
1056 1495 1172 1561 der
1214 1494 1463 1561 letzten
1516 1494 1693 1560 Zeile
1738 1495 1852 1561 der
1899 1494 2234 1562 Vorname
2281 1496 2396 1562 des
2433 1495 2709 1561 Aedilen
2747 1493 2999 1576 Oppius

805 1616 1267 1682 verschrieben
1315 1616 1452 1681 und
1497 1633 1621 1683 aus
1667 1617 1904 1683 Livius
1949 1636 2034 1683 zu
2082 1619 2494 1685 verbessern.
2543 1618 2730 1684 Denn
2779 1617 2864 1682 da
2908 1615 2995 1681 M.

802 1739 1041 1805 Iunius
1086 1740 1339 1805 Brutus
1384 1739 1479 1803 im
1526 1740 1726 1805 Jahre
1775 1738 1903 1805 562
1953 1740 2081 1805 mit
2122 1741 2195 1805 L.
2238 1741 2485 1823 Oppius
2525 1740 2855 1805 Salinator
2893 1737 2998 1803 die

802 1861 1086 1926 Praetur
1146 1859 1515 1926 bekleidete
1578 1860 1752 1944 (Liv.
1815 1862 2115 1929 XXXV.
2167 1864 2300 1944 24.)
2363 1863 2529 1927 wird
2574 1880 2646 1928 er
2689 1861 2860 1927 auch
2906 1860 3000 1925 im

806 1983 1007 2048 Jabre
1056 1980 1187 2047 560
1238 1982 1367 2047 mit
1411 1982 1552 2046 ihm
1600 2000 1997 2049 zusammen
2042 1984 2234 2048 Aedil
2280 2000 2588 2064 gewesen
2635 1984 2779 2049 sein
2825 1981 3000 2064 (Liv.

809 2104 1112 2170 XXXV.
1164 2102 1319 2187 230.
1368 2102 1559 2169 Statt
1604 2103 1721 2169 des
1767 2120 1936 2183 ganz
1974 2105 2456 2170 unbekannten
2495 2104 2783 2185 Quintus
2809 2120 3001 2169 musz

806 2226 945 2293 also
1008 2226 1111 2291 bei
1165 2221 1413 2291 Festus
1458 2226 1533 2290 L.
1582 2224 1843 2305 gelesen
1890 2226 2179 2292 werden.
2249 2226 2379 2293 Der
2427 2228 2570 2293 Bau
2616 2209 2734 2292 der
2777 2224 3007 2290 Novae

808 2348 1127 2413 tabernae
1184 2346 1334 2412 fallt
1394 2334 1531 2413 also
1586 2347 1657 2412 in
1704 2347 1826 2412 das
1871 2347 2032 2412 Jahr
2085 2348 2258 2429 560„
2307 2347 2546 2427 gerade
2590 2348 2660 2411 in
2709 2346 2813 2411 die
2861 2344 3010 2410 Zeit

810 2469 1146 2535 zwischen
1215 2468 1366 2534 544.
1428 2469 1565 2534 und
1627 2468 1800 2546 569„
1851 2468 2099 2535 welche
2146 2470 2406 2537 Ritscbl
2452 2469 2592 2533 Ind.
2641 2469 2790 2533 lect.
2839 2468 3007 2533 aest.

816 2589 1009 2656 1845.
1058 2608 1121 2671 p.
1170 2588 1375 2672 VIII.,
1431 2590 1601 2655 ohne
1649 2590 1896 2655 Festus
1942 2589 2143 2656 Stelle
2188 2609 2274 2656 zu
2320 2591 2608 2671 kennen,
2658 2588 3008 2655 scharfsin·

809 2713 923 2793 nig
967 2711 1424 2778 bestimmte”.
1473 2712 1864 2793 VideamUS‚
1914 2728 2083 2794 quae
2131 2712 2333 2778 fuerit
2379 2713 2766 2778 Rrrscflntn
2813 2710 3008 2776 ratio-

811 2834 1091 2899 cinatio:
1161 2833 1456 2916 primum
1526 2850 1611 2898 ex
1679 2834 1855 2899 Livii
1921 2834 2002 2899 de
2069 2834 2484 2917 argentariis,
2560 2850 2768 2918 „quae
2832 2849 3012 2897 nunc

810 2955 1043 3021 Novae
1088 2953 1572 3035 appellantur'',
1622 2955 1888 3020 silentio
1936 2953 2196 3035 collegit
2241 2954 2576 3037 posterius
2598 2955 2871 3020 demum
2896 2970 3012 3019 eas

811 3077 1171 3143 restitutas
1222 3091 1392 3159 esse,
1439 3075 1672 3152 deinde
1718 3077 1841 3142 1166
1885 3075 2030 3142 fieri
2076 3076 2385 3143 debuisse
2430 3079 2588 3142 ante
2634 3093 2694 3140 a.
2748 3075 2877 3142 570
2925 3092 3014 3141 ex

813 3200 937 3265 hac
999 3215 1069 3262 re
1106 3193 1369 3263 'efficitz
1438 3215 1553 3282 „eo
1620 3197 1803 3262 enim
1847 3214 2028 3263 anno
2076 3200 2256 3263 teste
2301 3196 2492 3263 Livio
2534 3197 2875 3273 XXXIX,
2925 3196 3010 3262 44

812 3320 898 3385 M.
941 3319 1105 3386 Cato
1144 3319 1228 3385 ad
1265 3318 1746 3385 aedificandam
1774 3319 2116 3386 basilicam
2143 3337 2339 3385 suam
2365 3321 2678 3401 quattuor
2700 3320 3013 3385 tabernas

811 3442 999 3518 emit,
1024 3458 1189 3523 quas
1213 3458 1250 3506 6
1276 3441 1469 3506 novis
1492 3440 1701 3506 fuisse
1723 3440 1878 3508 inde
1899 3442 2314 3521 intelligitur,
2333 3442 2503 3523 quod
2529 3441 2597 3507 in
2622 3440 3012 3522 septentrio-

812 3564 948 3629 nali
985 3565 1174 3644 parte
1212 3560 1335 3627 fori
1370 3560 1503 3627 fuit
1541 3561 1810 3628 basilica
1847 3562 2144 3628 Porcia”.
2185 3563 2380 3628 Hanc
2417 3565 2647 3628 autem
2671 3561 3010 3627 basilicam

808 3684 985 3766 apud
1011 3683 1359 3750 Carcerem
1383 3683 1585 3748 sitam
1611 3683 1840 3759 fuisse,
1867 3682 1946 3748 de
1970 3700 2049 3749 ea
2073 3700 2144 3748 re
2169 3683 2296 3748 viri
2321 3683 2498 3749 docti
2519 3682 2712 3748 hodie
2736 3699 3009 3750 consen-

810 3805 1017 3870 tiunt.
1047 3804 1189 3868 Hoc
1211 3820 1470 3884 quoque
1494 3806 1782 3887 constat,
1805 3807 2068 3884 praeter
2081 3807 2345 3870 veteres
2369 3807 2440 3869 et
2457 3820 2668 3868 novas
2694 3803 3011 3869 tabernas

810 3927 1019 3992 etiam
1065 3925 1233 3991 alias
1279 3923 1512 4000 fuisse,
1560 3941 1775 4006 neque
1816 3926 2177 3992 verisimile
2216 3929 2321 3991 est
2359 3922 2682 3990 Catonem
2719 3942 2756 3990 e
2795 3924 3014 4000 noviS,

814 4065 983 4130 quas
1042 4047 1345 4128 privatas
1408 4045 1525 4110 vix
1586 4063 1736 4113 esse
1798 4049 2097 4128 potuisse
2155 4064 2358 4129 supra
2419 4045 2792 4121 observavi,
2856 4061 3017 4109 non-

812 4172 1031 4237 nullas
1090 4169 1355 4235 emisse.
1419 4167 1602 4247 Quod
1665 4170 1900 4235 autem
1946 4170 2251 4236 URLIOHS
2297 4169 2459 4234 dicit
2505 4169 2588 4233 de
2634 4167 2831 4232 Fss'rr
2876 4165 3016 4230 loco

811 4311 852 4358 a
913 4293 1275 4359 Montunao
1335 4288 1506 4370 quod
1566 4288 1647 4354 ad
1696 4293 2114 4358 sententiam
2160 4292 2410 4356 attinet
2456 4290 2634 4354 recte
2682 4287 3011 4371 suppleto,

815 4432 897 4480 ne
943 4414 1066 4480 hoc
1111 4413 1380 4495 quidem
1418 4415 1564 4475 tam
1602 4416 1860 4478 certum
1899 4414 2065 4478 mihi
2105 4413 2391 4478 videtur.
2442 4411 2727 4475 Omnino
2765 4407 3010 4489 nescio,
