3450 5350
1858 601 1941 665 28

807 781 1263 858 ἀπροσδοκήτως
1336 783 1640 865 sequitur
1694 784 2079 870 „intestinis
2147 784 2414 860 vilius,'’
2464 785 2505 850 i.
2547 802 2605 850 e.
2677 789 2865 871 „tum
2929 789 3006 850 tu

804 905 1011 970 etiam
1073 904 1267 970 vilior
1325 905 1457 985 eris
1522 924 1724 988 quam
1786 907 2131 990 intestina,
2196 910 2346 973 tum
2400 907 2728 972 intestina
2774 909 2896 971 tua
2938 907 3002 971 id

803 1031 1022 1107 erunt,
1071 1045 1200 1108 quo
1245 1028 1462 1093 carius
1510 1027 1673 1092 nihil
1718 1028 1786 1093 in
1837 1033 1907 1093 te
1951 1029 2242 1094 inveniri
2286 1028 2597 1111 poterit.”
2647 1027 2855 1093 Vides
2894 1045 3001 1094 me

803 1148 1137 1212 intestinis
1201 1153 1282 1213 ut
1341 1149 1713 1214 ablativum
1774 1151 2290 1231 comparationis
2349 1150 2658 1232 accipere,
2724 1167 2858 1214 non
2921 1153 3000 1214 ut

807 1269 1209 1346 Ussmmun,
1247 1271 1361 1350 qui
1394 1271 1711 1352 explicat:
1750 1275 1981 1356 „tanto
2007 1270 2207 1336 vilius
2231 1271 2426 1336 vendi
2451 1271 2717 1354 poteris
2745 1273 2999 1352 quanto

803 1389 1151 1456 intestinis
1188 1393 1567 1472 absumptis
1602 1391 1810 1456 levior
1832 1392 2026 1472 eris”,
2057 1392 2159 1457 vel
2184 1391 2549 1467 GOETZIUM,
2584 1391 2775 1456 cuius
2800 1392 2996 1456 inter·

806 1513 1091 1592 pretatio
1138 1513 1446 1579 videatur
1491 1531 1710 1595 supra.
1761 1514 2154 1595 Magnopere
2198 1512 2377 1578 enim
2424 1530 2673 1589 vereor,
2705 1515 2786 1576 ut
2810 1514 3000 1576 inies·

806 1637 968 1700 cinis
1011 1635 1214 1698 vilius
1261 1635 1386 1700 dici
1434 1635 1644 1716 possit
1685 1653 1803 1716 pro
1831 1637 2113 1718 propter
2147 1636 2463 1700 intestina
2492 1633 2738 1716 putida
2779 1634 2998 1698 vilius.

895 1755 1260 1837 PostremO,
1308 1755 1478 1836 quod
1518 1757 1806 1821 Serenus
1848 1757 2311 1821 Sammonicus
2348 1759 2645 1821 testatur
2685 1755 3001 1819 Plautum

807 1876 1020 1940 dicere
1060 1877 1274 1942 dulcia
1311 1877 1538 1942 minus
1582 1880 1744 1957 apta
1788 1895 1937 1942 esse
1984 1878 2217 1956 grandi
2259 1876 2435 1958 lieni,
2484 1879 2607 1942 hoc
2654 1893 2738 1942 ex
2784 1876 3004 1957 aliqua

806 1997 1046 2079 fabula,
1094 2017 1263 2079 quae
1307 1999 1442 2064 iam
1491 2016 1626 2065 non
1672 2004 1921 2075 exstat,
1972 2017 2130 2065 eum
2172 1999 2495 2080 petivisse
2541 2000 2788 2080 opinor.

899 2257 1002 2305 vs.
1053 2240 1202 2306 253.

897 2361 1252 2428 Palinurus
1306 2381 1347 2427 a
1390 2364 1625 2430 lenone
1671 2367 1963 2445 rogatus
2011 2368 2092 2429 ut
2138 2364 2266 2428 sibi
2310 2363 2594 2429 coniciat
2640 2364 2999 2444 somnium,

809 2481 980 2564 quod
1038 2483 1342 2562 proxima
1406 2487 1600 2549 nocte
1660 2484 1925 2565 viderit,
1988 2484 2345 2565 quominus
2399 2484 2604 2549 faciat
2649 2484 3006 2565 impeditur

807 2604 1201 2670 interventu
1246 2605 1456 2687 coqui,
1505 2605 1615 2686 qui
1661 2605 1851 2671 illum
1896 2606 2074 2670 intro
2119 2605 2213 2669 ire
2251 2605 2455 2670 iubet.
2496 2606 2714 2685 Rogat
2752 2609 3000 2688 autem,

809 2729 888 2791 ut
933 2726 1264 2808 paulisper
1312 2732 1603 2804 maneat,
1651 2727 1811 2793 dum
1858 2728 2196 2793 somnium
2244 2728 2630 2793 coniecerit:

1330 2848 1402 2911 P.
1450 2848 1644 2913 Mane
1689 2848 1805 2929 siS,
1854 2849 2017 2914 dum
2063 2849 2217 2913 huic
2260 2849 2508 2915 conicio
2553 2850 2911 2915 somnium.

993 2968 1062 3033 C.
1112 2970 1285 3035 Tute
1328 2971 1486 3052 ipse,
1538 2970 1756 3051 siquid
1803 2970 2177 3046 somniasti,
2224 2972 2309 3035 ad
2354 2988 2463 3035 me
2508 2972 2734 3036 referS.

902 3091 1034 3157 Cur
1103 3093 1280 3158 Bmx
1312 3094 1358 3174 ')
1422 3093 1599 3157 inter
1661 3093 1784 3157 hos
1845 3109 2084 3158 versus
2142 3096 2264 3158 aut
2326 3091 2549 3173 plures
2610 3096 2730 3159 aut
2792 3110 3005 3158 unum

812 3213 1070 3289 saltem,
1133 3230 1418 3295 eumque
1476 3213 1932 3279 huiuscemodi
1977 3213 2147 3278 fere:
2206 3213 2450 3298 „immo
2497 3230 2616 3293 ego
2661 3214 3003 3293 coniciam,

811 3352 971 3400 nam
1011 3336 1341 3400 coniector
1379 3353 1532 3400 sum
1573 3334 1959 3416 optumUS‚’'
2000 3333 2415 3399 intercidisse
2453 3338 2670 3415 putet,
2702 3336 3006 3416 equidem

813 3474 947 3522 non
994 3456 1319 3536 intellego.
1369 3456 1697 3536 Quidnam
1745 3455 1852 3520 hic
1888 3453 2352 3519 desideratur?
2390 3454 2625 3520 Nonne
2662 3455 3009 3536 aptissime

813 3596 1060 3661 coquus
1118 3579 1428 3645 Palinuro
1488 3578 1723 3660 plenus
1784 3577 2245 3643 admirationis
2304 3576 2539 3641 obicit:
2610 3579 2798 3662 „tute
2845 3576 3007 3658 ipse,

814 3702 1031 3783 siquid
1091 3699 1466 3779 somniasti,
1531 3699 1614 3764 ad
1660 3716 1768 3764 me
1813 3698 2022 3764 refers
2036 3697 2113 3763 ?'’
2163 3698 2415 3762 Tamen
2462 3714 2577 3777 pro
2622 3700 2754 3762 tute
2799 3697 3011 3777 legere

816 3802 1044 3889 malim
1092 3825 1267 3899 tune,
1300 3812 1436 3902 quo'
1472 3821 1684 3899 magis
1723 3821 1814 3885 sit
1854 3820 2201 3902 perspicua
2238 3820 2373 3885 ista
2410 3820 2761 3885 admiratio
2799 3818 3011 3903 (Time

814 3944 1124 4009 Plautino
1169 3961 1352 4009 more
1399 3960 1516 4022 pro
1563 3960 1780 4015 norme
1826 3940 1948 4025 iu).
1998 3940 2085 4005 Et
2130 3941 2474 4021 quomod0‚
2522 3943 2600 4005 ut
2647 3941 2729 4005 ad
2779 3941 3010 4008 Bmxn

815 4065 1359 4147 supplementum
1428 4064 1716 4139 redeam,
1780 4079 2047 4146 coquus,
2110 4062 2224 4143 qui
2286 4079 2421 4127 non
2484 4062 2575 4127 sit
2634 4066 2907 4142 rogatus
2968 4080 3009 4127 a

812 4187 1064 4267 lenone,
1107 4186 1206 4251 ita
1242 4189 1321 4251 ut
1356 4186 1628 4269 nesciat,
1672 4185 1922 4250 velitne
1958 4184 2066 4249 ille
2105 4201 2177 4251 se
2218 4186 2656 4251 coniectorem
2694 4201 2781 4251 an
2819 4185 3003 4265 nolit,

1060 4355 1204 4363 ——

889 4444 943 4513 1)
979 4442 1133 4497 Neue
1168 4439 1512 4507 Jahrbiicher,
1546 4440 1663 4494 101.
1689 4458 1737 4511 p.
1778 4439 1897 4493 764.
