3450 5350
1775 560 1900 649 150

723 765 1189 833 admirationis·
1225 781 1469 830 nomen
1508 766 1718 847 patris
1757 766 2000 848 repetit
2017 787 2033 847 ;
2073 767 2436 847 quominus
2472 770 2706 833 autem
2737 767 2925 848 plura

725 888 925 971 dicat,
986 886 1194 953 animi
1248 890 1437 953 motu
1484 887 1866 969 impeditur.
1913 888 2174 954 Placide
2219 887 2372 954 inde
2421 888 2612 954 miles
2658 905 2928 955 narrare

727 1010 975 1090 pergit:
1074 1010 1180 1095 „Is
1247 1010 1435 1090 prius
1497 1026 1701 1090 quam
1764 1009 2048 1074 moritur
2111 1008 2277 1074 mihi
2335 1009 2518 1074 dedit
2579 1014 2928 1091 tamquam

726 1148 867 1211 SUO,
961 1130 1059 1196 Ut
1126 1147 1409 1211 aequom
1475 1130 1718 1206 fuerat,
1787 1127 1985 1196 filio-’³
2054 1129 2116 1194 N
2119 1145 2156 1193 e
2217 1147 2396 1195 nunc
2455 1130 2723 1211 quidem
2789 1130 2927 1196 Pla-

727 1252 990 1318 nesium
1081 1270 1238 1334 prae
1329 1252 1539 1317 nimia
1631 1252 1881 1317 mentis
1971 1252 2472 1333 perturbatione
2564 1254 2930 1335 quidquam

724 1374 858 1439 nisi
936 1390 1093 1461 „pro
1167 1372 1512 1455 Iuppiter”
1593 1372 1878 1439 clamare
1952 1375 2196 1454 potest.
2270 1373 2444 1439 Tum
2513 1373 2738 1439 miles:
2819 1377 2928 1459 „et

726 1494 901 1561 isto’'
954 1494 1002 1578 ¹)
1098 1512 1205 1561 me
1296 1494 1608 1560 heredem
1694 1493 1920 1560 fecit.”
2037 1494 2234 1559 Nunc
2314 1494 2589 1592 demum
2671 1494 2928 1576 puellae

725 1618 1006 1681 eatenus
1051 1614 1258 1680 animi
1307 1614 1649 1680 redierunt
1696 1615 1893 1697 vireS,
1944 1617 2022 1679 ut
2069 1631 2280 1695 pauca
2324 1613 2502 1695 loqui
2523 1616 2795 1696 possit:
2851 1632 2928 1701 „o

726 1736 953 1803 Pietas
1022 1755 1189 1813 mea,
1255 1736 1463 1803 Serva
1522 1753 1651 1818 me,
1714 1737 1978 1817 quando
2038 1752 2158 1817 ego
2220 1740 2291 1803 te
2354 1736 2620 1803 servavi
2681 1737 2927 1803 sedulo.

726 1858 961 1923 Frater
1021 1858 1133 1939 mi,
1190 1858 1441 1925 salve.”
1489 1858 1679 1924 Miles
1724 1862 1978 1943 autem,
2027 1859 2135 1925 cui
2182 1858 2481 1924 nondum
2527 1858 2625 1924 ita
2669 1874 2931 1939 persua-

726 1996 881 2045 sum
938 1980 1046 2045 est
1106 1979 1185 2045 de
1244 1979 1533 2045 veritate
1594 1979 1772 2045 illius
1833 1979 1949 2055 rei,
2013 1982 2238 2059 rogat:
2285 1978 2438 2063 „qui
2485 1979 2752 2044 credam
2809 1993 2930 2058 ego

724 2102 904 2169 istuc
918 2102 997 2166 ‘2³’
1038 2101 1204 2184 (scil.
1244 2120 1347 2167 me
1386 2104 1580 2167 tuum
1609 2102 1900 2183 fratrem
1924 2101 2106 2185 esse).
2134 2102 2313 2183 Quae
2338 2102 2540 2166 verba
2563 2099 2849 2165 Mi‘JLLER
2875 2100 2928 2185 ²)

725 2239 860 2306 non
921 2223 1219 2289 eiusdem
1277 2240 1518 2289 versus
1578 2239 1726 2288 esse
1771 2226 2004 2289 censet
2049 2223 2242 2289 cuius
2287 2222 2491 2287 verba
2535 2236 2704 2302 quae
2751 2237 2927 2300 prae·

726 2344 990 2409 cedunt.
1027 2344 1257 2421 Etiam
1295 2344 1428 2409 Lno
1466 2344 1785 2426 primitus
1824 2344 1928 2410 hic
1959 2344 2150 2426 plura
2172 2343 2520 2409 exstitisse
2545 2342 2928 2424 existimat3

726 2468 1012 2533 annotat
1054 2465 1269 2531 enim:
1326 2466 1529 2549 „haec
1574 2465 1647 2531 in
1695 2466 1968 2531 brevius
2013 2468 2355 2532 contracta
2401 2480 2551 2530 esse
2587 2464 2931 2546 apparet.”

727 2586 910 2667 Quod
940 2588 1020 2651 ut
1044 2588 1427 2652 statuerent
1450 2587 1608 2667 quid
1634 2603 1748 2652 eos
1773 2586 2082 2667 moverit,
2109 2602 2220 2651 me
2241 2586 2510 2667 quidem
2533 2585 2725 2650 fallit.
2751 2585 2932 2651 Nihil

612 2796 616 2801 .
724 2708 997 2774 omnino
1055 2708 1371 2791 desidero,
1425 2725 1637 2790 neque
1682 2707 2158 2774 contractionis
2202 2708 2414 2774 ullum
2458 2723 2746 2788 agnosco
2793 2725 2931 2774 ves-

726 2827 987 2908 tigium.
1052 2829 1149 2893 De
1207 2829 1478 2894 nomine
1539 2829 1751 2910 patris
1813 2829 2139 2895 nimirum
2185 2828 2388 2894 militi
2433 2846 2565 2894 non
2611 2846 2780 2910 opus
2825 2834 2933 2896 est

726 2950 1162 3030 interrogare:
1210 2952 1281 3014 et
1326 2966 1412 3014 ex
1459 2949 1750 3016 Planesii
1797 2951 2398 3017 exclamationibus
2445 2953 2516 3015 et
2562 2951 2714 3015 inde
2759 2952 2932 3032 quod

726 3073 883 3151 post
920 3070 1373 3135 narrationem
1413 3071 1497 3135 ab
1531 3077 1611 3135 ea
1647 3069 1854 3136 frater
1889 3070 1982 3135 sit
2009 3074 2309 3155 vocatuS,
2335 3070 2526 3138 facile
2548 3072 2930 3139 concludere

726 3193 951 3273 potest
996 3191 1203 3256 etiam
1249 3189 1426 3256 illius
1470 3189 1647 3272 patri
1700 3207 1948 3256 nomen
1995 3208 2144 3257 esse
2190 3192 2542 3274 Periplani.

816 3449 917 3498 vs.
979 3434 1110 3498 644
1172 3449 1314 3514 sqq.
1376 3433 1620 3500 Narrat
1681 3433 2082 3518 Planesium,
2101 3448 2135 3475 ⁶·
2149 3451 2282 3516 qua
2335 3435 2676 3502 occasione
2737 3441 2930 3518 rapta

728 3554 851 3619 sit:
2599 3535 2606 3542 ·

727 3676 878 3741 644.
905 3675 1038 3741 645
1070 3675 1165 3741 Ea
1211 3675 1375 3758 (scil.
1438 3676 1704 3760 nutrix)
1767 3693 1876 3740 me
1939 3680 2361 3759 spectantem
2422 3677 2672 3745 tulerat
2701 3676 2752 3764 ³)
2813 3697 2929 3761 per

2466 3800 2836 3884 [Dionysia.

905 3918 1273 3999 Postquam
1318 3917 1427 3983 illo
1474 3920 1762 3983 ventum
1808 3922 1931 3999 est,
1980 3921 2134 3996 iam,
2186 3924 2266 3986 ut
2312 3939 2423 3987 me
2469 3922 2924 4005 collocaverat,

906 4040 1222 4105 Exoritur
1266 4041 1515 4105 ventus
1562 4041 1780 4122 turbe,
1831 4040 2161 4125 spectacla
2207 4042 2297 4108 ibi
2347 4051 2568 4120 ruent,

793 4250 849 4319 1)
886 4249 1057 4304 Recto
1093 4248 1215 4303 Lm
1250 4265 1345 4319 pro
1385 4249 1493 4302 isto.

795 4337 847 4398 Β)
884 4334 918 4390 1.
954 4334 1079 4407 l.-p.
1118 4336 1241 4394 712.

795 4425 852 4493 3)
889 4421 1204 4478 Dubitanter
1236 4421 1357 4476 lano
1389 4423 1567 4492 tetulit,
1602 4421 1821 4478 fortasse
1855 4428 2009 4480 recte.
2051 4424 2266 4480 Confert
2303 4425 2468 4482 Poen.
2503 4427 2662 4495 1067,
2683 4427 2813 4483 dist.
2835 4428 2926 4483 90.
