3450 5350
1553 590 1637 654 49

590 767 951 850 Chrysalus
1022 786 1252 834 senem
1324 771 1473 834 vult
1531 771 1746 835 facere
1807 772 2085 836 arietem
2147 771 2383 836 Phrixi
2445 774 2530 836 et
2573 771 2699 836 ita

496 889 538 954 i.
567 905 624 954 e.
675 893 766 955 ‘et
811 890 988 955 illius
1033 891 1266 957 arietis
1313 891 1550 956 instar’
1599 909 1757 956 eum
1803 893 2095 958 tondere.

592 1010 758 1076 Cist.
809 1012 935 1078 671
988 1029 1122 1093 sq.:

685 1131 832 1197 Nisi
877 1132 1035 1214 quid
1081 1133 1176 1198 mi
1215 1133 1358 1214 opis
1399 1134 1463 1199 di
1502 1135 1684 1218 dant,
1732 1135 2023 1216 disperii,
2052 1151 2263 1216 neque
2303 1136 2477 1200 unde
2516 1135 2699 1200 auxi·

1559 1255 1562 1258 ’
1772 1257 1968 1339 [li'um
2014 1259 2333 1338 expetam
2379 1257 2607 1322 habeo.

673 1371 973 1456 'Itaque†
1020 1376 1394 1456 petulantia
1441 1394 1591 1442 mea
1639 1393 1747 1441 me
1794 1377 2002 1443 animi
2048 1378 2363 1442 miseram
2405 1377 2621 1442 habet.

595 1497 1013 1578 Quamquam
1071 1515 1170 1562 vs.
1235 1500 1366 1564 672
1431 1502 1786 1580 corruptus
1832 1499 2119 1579 videtur,
2150 1502 2378 1564 tamen
2427 1497 2702 1579 planum

505 1619 612 1682 est
656 1635 734 1683 eo
779 1635 913 1683 non
959 1619 1288 1684 contineri
1336 1637 1610 1685 causam
1649 1621 2188 1701 praecedentium
2236 1636 2487 1706 „neque
2526 1621 2702 1684 unde

508 1737 837 1803 auxilium
900 1740 1217 1820 expetam
1276 1741 1548 1807 habeo’'.'
1612 1742 1861 1807 Eodem
1926 1743 2119 1808 modo
2180 1742 2398 1808 locum
2446 1742 2702 1822 explico

509 1863 710 1941 atque
756 1861 911 1926 Aul.
959 1862 1110 1926 414.
1621 1863 1625 1870 '

601 1983 782 2059 Pers.
834 1985 965 2048 480
1013 1991 1148 2066 sq.:'

689 2105 888 2170 Hunc
932 2105 1272 2171 hominem
1318 2123 1436 2186 ego
1484 2107 1675 2172 hodie
1721 2107 1790 2172 in
1831 2105 2221 2172 trasennam
2242 2106 2475 2172 'doctis
2512 2107 2709 2172 dedu-

2202 2229 2381 2312 [cam
2427 2223 2611 2310 dolis,

690 2347 928 2429 Itaque
973 2348 1132 2412 huic
1176 2349 1458 2415 insidiae
1505 2353 1778 2430 paratae
1826 2347 1987 2415 sunt
2035 2351 2253 2430 probe.

601 2469 808 2534 Recte
854 2469 1339 2550 interpretatur
1385 2471 1673 2537 Ussme:
1748 2475 1855 2558 „et
1898 2473 2013 2552 ita,
2064 2474 2146 2536 ut
2193 2472 2312 2537 hoc
2357 2471 2525 2536 effici
2565 2488 2706 2552 pos·

511 2587 666 2656 sit.”
730 2592 988 2670 Belgice
1047 2594 1453 2659 vertendum
1500 2597 1607 2658 est
1658 2593 1762 2658 ‘en
1811 2593 2591 2672 dienovereenkomstig’.,
2637 2592 2703 2658 Si

510 2726 714 2777 causa
774 2713 1278 2793 significaretur,
1343 2715 1732 2796 praecedere
1777 2715 2059 2781 debebat
2110 2714 2403 2800 „confido
2448 2732 2557 2780 me
2602 2715 2703 2781 de·

511 2834 873 2900 ducturum
920 2835 1130 2901 esse”.
1185 2834 1279 2900 cf.
1333 2832 1524 2916 Capt.
1577 2837 1700 2901 167
1753 2854 1891 2918 sqq.

603 2957 799 3024 Poen.
855 2959 982 3023 198
1030 2976 1207 3040 sqq.:
1465 2966 1471 2970 '

690 3081 880 3146 Inest
925 3080 1172 3146 amoris
1221 3081 1478 3147 macula
1523 3081 1679 3147 huic
1722 3081 1981 3147 homini
2027 3083 2094 3148 in
2149 3087 2432 3165 pectore,

694 3202 850 3267 Sine
897 3202 1138 3268 damno
1187 3214 1430 3282 magno
1478 3199 1646 3284 quae
1690 3202 1827 3268 elui
1874 3221 1959 3269 ne
2005 3206 2312 3285 utiquam
2359 3208 2600 3287 potest.

692 3325 927 3406 Itaque
972 3323 1080 3389 hic
1127 3323 1448 3389 scelestus
1495 3328 1600 3390 est
1645 3324 1842 3390 homo
1887 3326 2034 3390 leno
2080 3324 2319 3408 Lycus,

692 3447 855 3527 Quoi
902 3446 1038 3511 iam
1083 3445 1408 3511 infortuni
1452 3446 1718 3512 intenta
1768 3447 2106 3513 ballistast
2153 3450 2369 3532 probe,

694 3569 908 3649 Quam
952 3583 1072 3649 ego
1116 3567 1293 3633 haud
1340 3567 1553 3633 multo
1601 3572 1755 3649 post
1802 3570 2077 3635 mittam
2124 3588 2161 3636 e
2201 3570 2582 3636 ballistario.

606 3690 940 3771 Quomodo
999 3706 1101 3755 vs.
1167 3691 1296 3755 200
1357 3707 1630 3756 causam
1685 3693 2026 3758 continere
2070 3694 2283 3774 possit
2328 3694 2708 3773 praeceden-

509 3814 706 3889 tium,
769 3812 1041 3878 omnino
1101 3829 1208 3877 me
1261 3812 1455 3891 fugit.
1501 3813 1739 3895 Itaque
1785 3815 1892 3881 hic
1941 3819 2045 3881 est
2094 3815 2417 3896 particula
2461 3814 2711 3879 conclu·

511 3935 767 4000 dentis:
817 3950 986 4017 erqo,
1038 3935 1272 4014 ἐρίων.
1322 3934 1572 4001 Servus
1609 3935 1771 4001 dicit
1809 3954 1920 4002 ero
1961 3953 2084 4002 suo
2123 3937 2344 4001 inesse
2382 3936 2713 4001 maculam

514 4057 780 4133 amoriS‚
842 4072 1013 4138 quae
1078 4072 1318 4135 magno
1379 4073 1534 4121 cum
1598 4058 1842 4124 damno
1902 4056 2183 4124 eluenda
2245 4057 2355 4123 sit.
2410 4058 2581 4137 Ergo
2638 4092 2699 4103 -

514 4181 866 4265 exspectas
913 4194 1095 4242 nunc
1139 4176 1383 4257 aliquid
1433 4178 1687 4243 dictum
1728 4179 1808 4243 iri
1847 4179 1927 4245 de
1951 4196 2086 4256 ero,
2111 4179 2227 4245 sed
2255 4177 2713 4255 ἀπροσδοκήτως

513 4300 668 4365 illud
737 4299 1059 4364 damnum
1105 4298 1516 4363 transfertur
1561 4299 1645 4365 ad
1692 4298 2017 4382 lenonem,
2080 4338 2141 4347 -
2202 4301 2349 4365 leno
2396 4300 2719 4365 scelestus

518 4422 562 4486 i.
588 4439 646 4487 e.
697 4421 945 4487 ‘miser'
973 4411 1118 4485 est.

2446 4542 2479 4587 4
