3450 5350
1517 617 1599 681 31

463 798 559 864 Cf.
601 797 782 862 Trin.
824 800 953 864 404
995 816 1116 880 sq.‚
1157 798 1268 862 ubi
1307 813 1545 862 servus
1583 797 1652 861 in
1695 797 2023 862 reddenda
2062 797 2319 864 ratione
2358 800 2659 880 pecunia·

463 939 618 986 rum
692 937 1139 1002 expensarum
1208 935 1318 984 ero
1386 917 1682 997 roganti:
1762 921 1995 1002 „estne
2063 919 2187 984 hoc
2253 920 2425 999 quod
2492 921 2658 997 dico,

463 1042 752 1108 Statime
764 1042 842 1106 ?''
882 1040 1264 1122 respondet:
1307 1056 1552 1125 „quom
1583 1039 1947 1121 considere,
1973 1040 2359 1106 meminisse
2384 1041 2659 1108 videor

463 1163 670 1229 fieri.’'
717 1163 828 1227 An
874 1165 1104 1228 nostro
1147 1162 1286 1228 loco
1331 1160 1630 1226 redditur
1675 1160 2004 1227 Graecum
2052 1158 2229 1237 ἔδοξα
2276 1159 2499 1236 δόξαιῖ

557 1424 656 1472 vs.
708 1405 836 1470 263
885 1424 1024 1488 sqq.
1081 1406 1245 1473 Post
1292 1408 1642 1472 narratum
1689 1404 2046 1489 somnium,
2099 1405 2156 1471 si
2202 1404 2386 1471 libris
2432 1424 2659 1472 manu·

465 1528 732 1608 scriptis
776 1529 939 1594 fides
980 1533 1087 1594 est
1115 1528 1446 1604 habenda,
1493 1528 1657 1594 haec
1700 1527 2058 1610 respondet
2103 1545 2386 1610 coquus:

1275 1651 1451 1716 Item
1496 1648 1660 1715 alios
1705 1624 1863 1715 deos
1908 1650 2201 1716 facturos
2246 1649 2533 1715 scilicet:

731 1771 907 1838 Sane
948 1772 1041 1838 illi
1088 1772 1265 1837 inter
1312 1788 1384 1837 se
1430 1774 1800 1849 congruont
1845 1771 2272 1836 concorditer.

729 1893 910 1958 Nihil
956 1896 1064 1958 est
1110 1893 1510 1968 mirandum,
1562 1891 1802 1958 melius
1848 1891 1906 1958 si
1954 1893 2048 1957 nil
2091 1893 2171 1958 fit
2214 1893 2361 1970 tibi,

733 2013 1038 2095 Namque
1082 2014 1395 2079 incubare
1442 2014 1662 2078 satius
1705 2016 1777 2078 te
1822 2015 2041 2079 fuerat
2085 2015 2247 2096 Iovi,

722 2135 847 2216 Qui
893 2135 1018 2200 tibi
1063 2135 1309 2200 auxilio
1353 2136 1422 2200 in
1468 2135 1610 2199 iure
1653 2134 1932 2200 iurando
1977 2135 2126 2200 fuit.

551 2256 658 2321 Ad
707 2273 876 2338 quae
930 2257 1114 2322 leno:

729 2377 1067 2459 Siquidem
1114 2377 1427 2443 incubare
1474 2378 1686 2442 velint
1731 2378 1846 2457 qui
1894 2377 2403 2458 periuraverint‚

732 2498 948 2564 Locus
995 2517 1125 2564 non
1174 2488 1474 2580 praeberi
1520 2499 1696 2580 potis
1744 2501 1851 2564 est
1897 2498 1966 2563 in
2016 2498 2358 2580 Capitolio.

551 2623 648 2685 At
693 2621 806 2702 qui
851 2637 1101 2702 coquus
1146 2621 1441 2701 primum
1479 2621 1693 2686 dicere
1735 2623 1958 2701 potest
1996 2623 2251 2716 ceteros
2291 2621 2447 2688 deos
2485 2623 2649 2689 item

459 2743 753 2807 facturos
798 2759 945 2809 esse
991 2743 1159 2823 quod
1211 2743 1704 2825 Aesculapium,
1734 2741 2005 2823 illosque
2052 2743 2230 2808 inter
2277 2762 2350 2810 se
2397 2762 2651 2811 concor·

460 2862 630 2926 diter
674 2879 1051 2944 congruere,
1102 2867 1252 2928 tum
1298 2866 1529 2929 autem
1572 2864 1880 2928 lenonem
1930 2864 1998 2928 in
2048 2865 2227 2929 Iovis
2272 2864 2519 2946 templo
2557 2866 2651 2930 in·

456 2984 697 3048 cubare
759 2984 1152 3066 oportuisse,
1214 2985 1386 3065 quod
1448 3000 1534 3049 ne
1592 2985 1714 3049 hoc
1770 2985 2037 3066 quidem
2101 2984 2455 3066 quicquam
2512 3005 2651 3068 pro-

456 3104 720 3179 fuisset,
781 3106 1099 3185 quoniam
1157 3106 1452 3188 Iuppiter
1512 3086 1668 3171 cum
1731 3106 1969 3171 ceteris
2030 3106 2157 3171 diis
2210 3112 2601 3186 congrueret
2618 3109 2652 3173 ?

454 3224 603 3291 Non
665 3226 871 3304 igitur
929 3226 1196 3293 credere
1254 3244 1532 3307 possum
1592 3227 1816 3301 verba,
1880 3243 2049 3308 quae
2096 3227 2245 3292 libri
2290 3246 2495 3309 coquo
2542 3229 2657 3294 tri-

428 3328 689 3422 buunt,
751 3347 977 3441 omnia
1038 3347 1183 3413 eius
1244 3364 1427 3428 esse;
1476 3348 1642 3412 duos
1687 3348 1941 3428 priores
1988 3365 2260 3413 versus:
2315 3348 2519 3434 „item
2579 3386 2641 3397 -

449 3470 900 3535 concorditer’'
964 3470 1277 3536 Palinuro
1340 3470 1556 3551 reddo,
1621 3488 1821 3552 quern
1882 3470 2048 3535 duas
2091 3472 2173 3536 ob
2230 3488 2471 3535 causas
2518 3488 2650 3537 non

451 3591 530 3656 de
570 3607 809 3656 scaena
849 3592 1094 3657 abiisse
1133 3592 1436 3671 arbitror,
1463 3609 1749 3672 quarum
1786 3591 2070 3656 alteram
2110 3608 2286 3656 nunc
2328 3592 2647 3668 indicabo,

453 3713 732 3778 alteram
792 3713 981 3777 infra.
1046 3713 1165 3779 Vs.
1227 3713 1356 3778 258
1403 3714 1551 3779 leno
1598 3712 1989 3779 Palinurum
2036 3729 2243 3794 coquo
2288 3715 2648 3794 obsequen-

454 3840 595 3899 tem
657 3835 836 3899 abire
883 3840 1074 3900 ratus
1119 3835 1315 3900 dicit:
1370 3835 1570 3920 „facit
1617 3835 1722 3899 hic
1770 3835 1943 3915 quod
1992 3834 2201 3915 pauci,
2251 3838 2331 3899 ut
2378 3834 2471 3903 sit
2516 3853 2651 3900 ma-

453 3955 661 4033 gistro
706 3955 1097 4035 obsequens·
1130 3954 1178 4033 ¹)
1229 3956 1349 4037 Qui
1400 3974 1636 4021 versus
1685 3960 1834 4020 tum
1875 3957 2146 4020 demum
2183 3956 2443 4035 lepidus
2482 3957 2647 4021 mibi

455 4076 739 4151 videtur,
822 4078 879 4141 si
951 4078 1314 4158 accipimus
1388 4077 1777 4141 Palinurum
1849 4080 2119 4141 tantum
2190 4077 2504 4141 simulare
2574 4094 2647 4142 se

519 4363 578 4432 1)
630 4362 870 4415 Miinmss
921 4361 1293 4417 ‘Plautinische
1347 4361 1616 4416 Prosodie’
1671 4380 1720 4433 p.
1782 4364 1884 4417 530
1938 4365 2227 4425 oboediam
2282 4363 2397 4417 Lno
2444 4362 2647 4418 confert
2694 4322 2707 4337 ²

445 4450 854 4519 mamilsteratm
890 4449 942 4503 in
980 4450 1096 4520 lege
1134 4449 1396 4503 Lucerias
1428 4454 1483 4538 et
1517 4450 1852 4519 maqt‘sterare
1887 4451 2027 4521 apud
2067 4450 2221 4505 Fus‘r.
2264 4452 2382 4505 153.
