3450 5350
1675 601 1872 676 ‘44

738 777 1036 842 nondum
1099 779 1412 860 cuiquam
1473 781 1855 860 contigisse,
1923 787 2000 848 ut
2046 784 2267 847 locum
2313 783 2383 847 in
2432 776 2745 847 ordinem'
2780 783 2939 848 redi·

735 901 954 976 geret:
1013 901 1179 983 „wie
1228 901 1518 966 derselbe
1566 904 1883 984 ubrigens
1923 905 1993 969 in
2033 904 2349 982 ordnung
2387 921 2473 967 zu
2512 903 2785 984 bringen
2822 905 2935 985 ist,

735 1019 816 1082 ob
877 1020 994 1085 der
1057 1021 1231 1086 Text
1291 1022 1481 1088 mehr
1527 1024 1735 1089 durch
1781 1025 2480 1104 Zusammenziehung
2525 1025 2679 1090 oder
2726 1025 2932 1090 durch

734 1139 1216 1225 Erweiterung‚
1267 1144 1423 1209 oder
1469 1145 1676 1211 durch
1724 1146 1944 1211 beides
1984 1147 2297 1225 zugleich,
2342 1147 2424 1212 ob
2464 1146 2685 1210 ferner
2724 1144 2929 1210 durch

729 1263 1302 1346 Dittographieen‚
1353 1265 1694 1333 Glosseme
1741 1269 1878 1332 und
1917 1267 2431 1347 Umstellungen
2469 1267 2746 1346 gelitten
2788 1268 2924 1347 hat,

733 1382 829 1448 ist
888 1384 1036 1450 eine
1097 1387 1338 1452 andere
1383 1387 1636 1466 Frage’'
1686 1386 1784 1471 (in
1832 1389 2381 1468 praecedentibus
2426 1389 2800 1454 vindicavit
2846 1390 2929 1454 lo-

733 1522 886 1570 cum
949 1525 991 1572 a
1053 1507 1326 1573 Goetzio
1387 1509 1811 1592 damnatum)
1882 1511 2118 1596 „deren
2167 1509 2544 1590 endgiiltige
2592 1510 2929 1576 Entschei-

734 1627 916 1706 dung
964 1629 1093 1693 mir
1139 1632 1308 1696 noch
1356 1631 1547 1694 nicht
1587 1631 1917 1710 gelungen
1965 1632 2247 1696 scheint.
2297 1632 2373 1696 In
2423 1631 2621 1696 einer,
2652 1630 2929 1696 Schilde-

734 1765 924 1830 rung,
991 1751 1118 1815 wie
1166 1751 1262 1816 sie
1310 1752 1451 1817 hier
1498 1752 1797 1832 vorliegt‚
1847 1753 2014 1817 wird
2063 1770 2221 1819 man
2270 1753 2410 1818 sich
2457 1754 2605 1818 eine
2650 1753 2931 1832 gewisse

733 1869 960 1935 Breite
1019 1872 1312 1954 gesallen„
1355 1873 1579 1939 lassen
1642 1880 1939 1950 missen,
2004 1892 2205 1939 wenn
2270 1875 2506 1939 Einem
2567 1892 2695 1939 nur
2742 1875 2931 1940 nicht

733 1993 930 2058 baare
993 1992 1376 2074 Tautologie
1423 1997 1561 2060 und
1611 1996 2097 2070 allzustorende
2146 1997 2747 2076 Wiederholungen
2794 1997 2929 2062 der-

733 2113 957 2178 selben
1020 2115 1417 2181 Ausdriicke
1479 2118 1922 2198 ausgedrangt
1982 2119 2269 2184 werden.
2333 2118 2448 2184 Ich
2510 2120 2741 2185 warde
2786 2121 2925 2184 z.B.

731 2235 976 2300 keinen
1023 2239 1318 2304 Anstoss
1362 2256 1449 2303 an
1495 2240 1846 2318 folgenden
1894 2241 2151 2306 Versen
2197 2242 2522 2306 nehmen:

736 2420 866 2484 288
915 2423 1059 2485 tum
1114 2423 1230 2486 isti
1291 2423 1530 2488 Graeci
1564 2425 1837 2506 palliati
1880 2426 2088 2506 capite
2132 2427 2351 2506 operto
2400 2426 2520 2505 qui
2562 2424 2926 2508 ambulant,

899 2545 1032 2624 qui
1091 2545 1405 2608 incedunt
1450 2544 1888 2622 suffarcinati
1932 2563 2085 2609 cum
2129 2544 2340 2624 libris,
2390 2562 2543 2609 cum
2589 2545 2929 2627 sportulae,

736 2663 858 2727 291
911 2664 1183 2748 obstant,
1224 2665 1565 2747 obsistunt,
1609 2666 1966 2731 intendunt
2005 2668 2204 2743 (statt
2242 2666 2575 2743 incedunt)
2613 2684 2764 2731 cum
2786 2667 2934 2731 suis

1083 2874 1086 2877 ψ
1810 2774 1813 2777 ’
2401 2846 2405 2849 .
2440 2789 2843 2867 [sententiis;

736 2908 866 2971 290
914 2910 1059 2973 tum
1119 2910 1238 2988 qui
1297 2911 1500 2982 (statt
1561 2910 1889 2993 constant)
1949 2910 2306 2973 conserunt
2363 2925 2698 2972 sermones
2756 2910 2935 2972 inter
2972 2896 2977 2902 ’

813 3014 816 3017 ’
2304 3035 2463 3108 [sese
2508 3030 2837 3112 drapetae‚

736 3153 864 3216 292
911 3169 1072 3233 quos
1115 3170 1374 3233 semper
1418 3152 1644 3217 videas
1692 3152 1979 3218 lubentes
2024 3170 2159 3216 esse
2204 3154 2279 3217 in
2326 3152 2755 3235 thermipoli0‚

736 3275 864 3338 294
914 3276 1137 3338 tristes
1183 3276 1375 3355 atque
1421 3275 1646 3341 ebrioli
1689 3274 2047 3339 abscedunt
2084 3292 2149 3338 u.
2178 3291 2229 3337 s,
2255 3274 2388 3337 w.'’

824 3598 923 3644 vs.
974 3579 1100 3642 317
1151 3596 1291 3659 sqq.
1340 3578 1692 3643 Parasitus
1740 3576 1917 3643 fame
1962 3578 2300 3645 cruciatus
2345 3579 2761 3644 lamentatur
2800 3578 2931 3646 sic:

1968 3746 2159 3825 Perii,
2210 3746 2535 3828 prospicio
2582 3763 2840 3827 parum,

913 3868 1315 3965 Gramarum
1355 3868 1563 3932 habeo
1604 3868 1838 3932 dentes
1875 3867 2123 3947 plenos,
2164 3867 2455 3948 lippiunt
2483 3869 2709 3933 fauces
2734 3867 2929 3950 fame,

912 3992 1018 4055 Ita
1063 3991 1190 4055 cibi
1238 3990 1606 4055 vacivitate
1650 3989 1849 4054 venio
1895 3988 2089 4053 lassis
2136 3988 2440 4054 lactibus.

823 4173 949 4237 Pro
1011 4189 1420 4253 qramarum
1478 4171 1620 4235 libri
1688 4171 1939 4237 habent
1996 4188 2068 4235 oe
2128 4188 2470 4237 amarum.
2544 4171 2671 4237 Sed
2717 4188 2929 4253 neque

730 4295 814 4360 ad
876 4310 1152 4359 versum
1214 4294 1339 4358 hae
1399 4292 1735 4374 quadrant
1782 4290 2075 4374 syllabae
2121 4294 2193 4356 et
2242 4309 2313 4356 os
2358 4310 2680 4357 amarum
2725 4308 2929 4357 sensu

731 4431 953 4481 carere
1000 4415 1138 4479 iam
1183 4414 1438 4479 dudum
1481 4417 1588 4478 est
1633 4412 2069 4478 intellectum.
2134 4413 2383 4478 Tamen
2431 4415 2603 4495 quod
2650 4412 2932 4480 coniecit
