3450 5350
1851 620 1941 685 84

895 797 1120 863 Etiam
1181 800 1371 866 Truc.
1436 802 1519 865 67
1570 819 1665 884 sq.
1715 805 1938 868 scorta
1983 804 2219 870 sedent
2263 804 2511 870 circum
2556 806 2996 884 argentarias,

802 920 875 983 et
910 918 1025 999 qui
1066 919 1374 1001 stipulari
1410 922 1628 988 solent-
1664 922 1989 989 nimirum
2029 930 2191 990 sunt
2213 926 2595 1004 argentarii.
2645 924 2793 991 Non
2819 928 2998 992 enim

802 1039 969 1107 facio
1038 1060 1193 1107 cum
1264 1042 1583 1110 Ussmfflo
1650 1046 2049 1112 annotanti:
2125 1064 2278 1131 „eos
2338 1048 2690 1130 significat,
2755 1049 2867 1130 qui
2925 1050 2995 1113 in

801 1163 999 1228 rebus
1044 1165 1513 1231 contrahendis
1559 1182 1691 1231 non
1740 1167 1911 1233 bona
1957 1166 2085 1232 fide
2130 1168 2431 1234 contenti
2476 1172 2662 1245 sunt,
2707 1169 2824 1234 sed
2864 1186 2996 1235 om·

801 1284 915 1350 nia
971 1286 1137 1352 iuris
1198 1289 1483 1353 vinculis
1543 1290 2079 1369 constringunt''.
2144 1291 2525 1356 Admodum
2588 1291 2844 1357 usitata
2889 1308 2996 1357 res

800 1411 946 1472 erat
1006 1408 1327 1475 Romanis
1388 1410 1754 1493 stipulatio,
1817 1428 2032 1493 neque
2093 1412 2446 1493 quisquam
2500 1413 2636 1477 fere
2683 1418 2830 1477 erat
2873 1413 2995 1478 Ro·
3081 1449 3086 1454 -

800 1547 1062 1614 manuS,
1110 1532 1274 1613 quin
1320 1532 1658 1598 interdum
1704 1534 2162 1615 stipularetur.
2212 1535 2464 1599 Tamen
2513 1534 2684 1599 hanc
2731 1536 2812 1599 ob
2851 1552 2994 1600 cau-

798 1670 945 1719 sam
989 1653 1119 1719 dici
1165 1673 1297 1721 non
1344 1657 1658 1738 poterant
1707 1656 2016 1737 stipulari
2063 1656 2362 1722 solere.
2419 1657 2616 1721 Patet
2663 1657 2771 1722 hic
2817 1673 3032 1738 spec,

796 1775 929 1839 tari
975 1774 1477 1857 stipulationem
1522 1778 1973 1857 argentariam
2002 1777 2071 1860 ¹).
2124 1776 2300 1841 Nam
2349 1781 2583 1843 notum
2623 1782 2732 1844 est
2767 1794 2992 1858 argen-

796 1895 1123 1961 tariorum
1186 1900 1495 1963 veterum
1557 1916 1689 1964 non
1751 1916 1831 1964 ea
1885 1902 2159 1964 tantum
2206 1898 2414 1964 fuisse
2468 1898 2704 1973 officia,
2754 1901 2994 1980 quibus

795 2016 1091 2083 hodierni
1134 2018 1503 2099 fungantur
1549 2020 1931 2101 argentarii,
1979 2019 2096 2085 sed
2141 2020 2350 2085 etiam
2389 2020 2719 2085 auctionis
2742 2038 2992 2087 munus

794 2138 877 2203 ad
923 2138 1066 2204 illos
1110 2140 1535 2221 pertinuisse.
1585 2140 2027 2222 Quamobrem
2071 2156 2157 2205 ex
2202 2140 2414 2206 officio
2462 2139 2988 2223 stipulabantur;

796 2277 1061 2326 summo
1105 2261 1311 2341 igitur
1356 2262 1497 2327 iure
1544 2262 1672 2328 dici
1708 2266 2019 2343 poterant
2056 2262 2364 2344 stipulari
2403 2261 2629 2327 solere.
2679 2261 2776 2327 Of.
2803 2261 2987 2328 Suet.

797 2382 935 2447 Vit.
982 2384 1097 2447 14:
1147 2383 1673 2468 „foeneratorum
1696 2387 1769 2448 et
1793 2383 2269 2464 stipulatorum
2293 2382 2988 2465 publicanorumque”.

794 2501 1105 2583 Suspicor
1145 2506 1677 2583 argentariorum
1715 2504 1797 2569 de
1836 2504 2046 2570 Novis
2086 2503 2384 2569 tabernis
2424 2505 2818 2584 primarium
2853 2505 2986 2571 offi-

792 2624 972 2691 cium
1038 2624 1245 2692 fuisse
1313 2626 1711 2708 auctionem,
1789 2642 2017 2693 eorum
2088 2642 2265 2702 vero,
2335 2625 2448 2707 qui
2508 2626 2579 2690 in
2629 2626 2988 2693 Veteribus

792 2748 1129 2829 sedebant,
1180 2749 1680 2815 fenerationem.
1731 2749 1906 2814 Nam
1949 2748 2121 2830 quod
2163 2748 2322 2813 dicit
2352 2749 2616 2814 JORDAN
2634 2745 2684 2832 2)
2710 2749 2780 2814 in
2820 2753 2986 2817 trac·

790 2869 1015 2934 tandis
1062 2887 1163 2935 vs.
1204 2871 1343 2936 472
1391 2873 1461 2935 et
1509 2873 1675 2939 485:
1732 2887 1877 2956 „wo
1911 2887 1986 2935 es
2009 2870 2151 2935 sich
2176 2886 2295 2934 um
2319 2870 2424 2934 die
2450 2869 2986 2936 Charakteristik

788 3005 920 3056 von
967 2991 1197 3074 Typen
1244 2991 1573 3074 handelte,
1622 2992 1877 3057 konnte
1925 2993 2040 3057 der
2085 2990 2357 3056 Dichter
2397 2991 2585 3056 nicht
2608 2991 2982 3057 demselben

790 3111 1039 3195 Typus,
1088 3113 1223 3178 und
1270 3131 1451 3178 zwar
1499 3130 1628 3178 nur
1674 3113 1895 3179 einem
1943 3115 2143 3177 unter
2189 3110 2425 3188 vielen,
2469 3113 2638 3178 zwei
2663 3113 2982 3178 verschie-

788 3231 953 3297 dene
1032 3232 1469 3315 Schauplatze
1536 3234 1944 3309 anweisen”,
2015 3235 2222 3299 etiam
2292 3233 2423 3299 huc
2491 3234 2669 3298 trahi
2735 3237 2980 3316 potest.

787 3352 1033 3418 Mirum
1092 3369 1245 3433 ergo
1305 3358 1414 3420 est
1473 3355 1514 3420 J
1516 3372 1842 3421 ossnAntm
1872 3351 1923 3437 3)
1985 3355 2105 3436 qui
2163 3355 2490 3436 stipulari
2532 3356 2736 3420 solent
2781 3355 2982 3421 inter-

785 3476 1034 3557 pretari
1086 3475 1228 3562 „die
1273 3476 1639 3544 Wucherer
1683 3476 1882 3554 (denn
1927 3476 2051 3541 das
2100 3475 2368 3541 werden
2408 3475 2512 3540 die
2551 3475 2981 3556 stipulatores

785 3599 903 3663 des
951 3598 1034 3664 V.
1089 3600 1169 3663 12
1219 3599 1392 3664 wohl
1438 3598 1676 3678 sein)’',
1729 3602 1895 3664 tunc
1941 3596 2139 3678 paulo
2184 3601 2336 3678 post
2383 3597 2626 3662 dicere:
2681 3595 2978 3682 „endlich

783 3719 1110 3784 abermals
1155 3718 1657 3800 Geldgeschafte
1702 3721 1904 3784 unter
1949 3718 2077 3784 den
2123 3720 2365 3784 veteres
2405 3717 2778 3782 tabernae”.
2827 3717 2982 3783 Poe-

766 3842 948 3915 -tam,
1020 3840 1154 3905 nisi
1220 3840 1588 3906 discernere
1649 3839 1997 3915 voluisset,
2061 3837 2220 3904 illud
2284 3837 2696 3924 „abermals”
2740 3837 2978 3904 addere

782 3962 1149 4040 oportebat.
1197 3961 1443 4027 Eodem
1490 3961 1683 4028 modo
1731 3965 1911 4027 errat
1934 3961 2304 4026 Farnnruon
2324 3956 2397 4043 4),
2423 3959 2538 4041 qui
2573 3961 2740 4024 item
2778 3959 2978 4024 inter-

852 4202 911 4270 1)
949 4199 1073 4254 vid.
1107 4198 1194 4254 lex
1229 4198 1425 4254 metalli
1459 4197 1804 4270 Vipascensis.
1838 4199 2056 4270 Ephem.
2095 4197 2258 4270 epigr.
2294 4196 2384 4252 ΙΙΙ
2419 4214 2472 4268 p.
2511 4197 2632 4252 167.

852 4287 911 4354 2)
948 4284 982 4341 l.
1018 4285 1054 4340 l.
1089 4303 1141 4358 p.
1178 4286 1298 4341 125.

851 4373 908 4440 3)
944 4369 978 4426 l.
1015 4373 1049 4428 Ι.
1087 4389 1138 4443 p.
1178 4372 1299 4426 130.

848 4459 908 4526 4)
944 4455 979 4511 1.
1012 4454 1048 4512 1.
1085 4474 1136 4529 p.
1174 4457 1295 4513 710.
