3450 5350
1787 603 1875 667 94

732 776 917 844 Alles
962 779 1189 846 hinter
1234 780 1349 847 der
1394 780 1704 849 Sfidseite
1759 784 1877 849 des
1915 784 2218 863 ForumS‚
2260 800 2365 847 wo
2388 782 2502 845 der
2526 780 2944 860 entlegenste

736 899 856 965 Ort
910 900 1029 966 das
1074 901 1461 983 Emporium
1510 907 1715 970 unter
1767 906 1918 970 dem
1965 904 2271 969 Aventin
2319 902 2528 968 war.’'
2574 903 2814 978 Immo,
2859 918 2947 966 ex

742 1020 1259 1102 Amphitruonis
1320 1024 1479 1105 1000,
1550 1025 1609 1091 si
1663 1026 1937 1092 omnino
1983 1027 2137 1091 inde
2183 1025 2427 1107 aliquid
2474 1024 2779 1105 efficitur,
2829 1036 2951 1100 ego

741 1142 966 1221 potius
1048 1143 1351 1223 colligam
1432 1145 1782 1211 macellum
1853 1147 1922 1212 in
1993 1145 2500 1228 septentrionali
2568 1144 2692 1209 fori
2761 1146 2950 1223 parte

740 1262 951 1329 situm
1014 1265 1243 1331 fuisse.
1307 1266 1482 1332 Nam
1546 1273 1777 1333 narrat
1837 1268 2248 1349 Amphitruo
2305 1284 2378 1332 se
2425 1266 2646 1331 omnis
2693 1264 2952 1345 plateas

743 1387 1254 1469 perreptavisse,
1318 1390 1680 1471 gymnasia·
1733 1395 1808 1455 et
1869 1390 2266 1473 myropolia;
2337 1389 2514 1469 apud
2576 1387 2952 1469 emporium

748 1510 950 1588 atque
1014 1508 1085 1573 in
1143 1510 1417 1576 macello
1462 1508 1879 1592 quaeritasse
1927 1512 2070 1578 Nau
2079 1514 2354 1577 cratem.
2403 1508 2474 1575 Si
2520 1510 2591 1574 in
2637 1508 2953 1574 omnibus

750 1627 991 1709 plateis
1027 1632 1453 1715 quaesitavit,
1496 1652 1628 1699 non
1669 1637 1776 1699 est
1814 1634 2139 1709 credibile,
2178 1633 2372 1715 locOS,
2417 1648 2584 1713 quos
2623 1628 2950 1707 nominat,

747 1753 1024 1816 tantum
1060 1751 1130 1815 in
1184 1753 1464 1819 australi
1510 1758 1700 1835 parte
1746 1758 1916 1821 sitos
1961 1755 2187 1821 fuisse.
2237 1756 2484 1835 Atque,
2517 1753 2575 1818 si
2623 1751 2956 1817 memorat

751 1874 1125 1955 emporium
1186 1878 1259 1940 et
1321 1876 1719 1960 macellum,-
1761 1877 1929 1942 duos
1989 1877 2166 1943 locos
2220 1892 2379 1940 eum
2426 1875 2790 1954 nominare,
2841 1870 2956 1952 qui

751 1996 942 2073 longe
1010 1996 1191 2061 inter
1258 2013 1333 2061 se
1391 1997 1663 2081 distent,
1737 2014 1868 2078 quo
1935 1998 2150 2077 magis
2217 1998 2642 2079 perspicuum
2701 1993 2954 2072 reddat,

756 2120 1008 2197 quanto
1068 2114 1288 2182 labore
1349 2118 1856 2199 quaesitaverit‚
1920 2119 2063 2183 iure
2125 2116 2501 2197 suspiceris.
2564 2114 2957 2196 Emporium

756 2242 988 2304 autem
1049 2238 1119 2302 in
1182 2238 1464 2303 australi
1525 2243 1717 2320 parte
1779 2239 1992 2304 situm
2050 2239 2216 2319 fuit;
2278 2238 2436 2320 quid
2497 2237 2703 2317 igitur
2748 2235 2964 2313 magis

756 2364 1289 2425 consentaneum
1354 2366 1461 2427 est
1523 2378 1725 2441 quam
1788 2361 2141 2427 macellum
2201 2336 2653 2441 quaerendum
2699 2374 2849 2423 esse
2895 2356 2966 2420 in

762 2486 953 2563 parte
1015 2482 1573 2564 septentrionali?
1635 2482 1738 2546 Ex
1797 2482 2037 2548 ceteris
2083 2482 2243 2548 locis
2288 2482 2454 2547 nihil
2498 2480 2673 2546 effici
2717 2480 2963 2560 potest.

764 2603 836 2669 Si
904 2604 1201 2669 Euclioni
1268 2603 1484 2686 pisces
1552 2620 1912 2685 carnesque
1993 2604 2065 2669 in
2149 2603 2421 2669 macello
2506 2602 2711 2667 nimis
2771 2616 2966 2665 carae

761 2726 1079 2792 videntur
1137 2729 1341 2807 atque
1400 2742 1557 2805 ergo
1622 2726 1968 2792 tusculum
2024 2725 2210 2806 emit,
2261 2725 2425 2791 nihil
2468 2723 2768 2806 impedit,
2814 2737 2968 2804 quo·

764 2847 993 2913 minus
1052 2847 1458 2927 accipiamus
1517 2865 1559 2912 a
1620 2847 1911 2927 macello,
1976 2846 2149 2927 quod
2202 2847 2271 2911 in
2319 2844 2826 2927 septentrionali
2873 2843 2970 2908 sit

763 2968 889 3034 fori
950 2973 1158 3050 parte,
1222 2985 1379 3033 eum
1444 2984 1518 3032 se
1577 2968 1941 3034 contulisse
2004 2969 2071 3033 in
2122 2969 2348 3034 vicum
2395 2969 2685 3033 Tuscum
2734 2966 2850 3046 qui
2897 2966 2970 3029 in

766 3090 1134 3155 australem
1204 3091 1346 3154 exit
1415 3088 1540 3154 fori
1608 3093 1891 3170 partem.
1961 3089 2314 3155 Praeterea
2382 3089 2543 3154 talia
2609 3105 2647 3153 e
2718 3087 2973 3153 Graeco

764 3209 1125 3291 exemplari
1168 3209 1424 3276 servari
1470 3212 1854 3289 potuerunt,
1903 3210 2002 3275 ita
2047 3215 2126 3275 ut
2163 3211 2323 3274 urbs
2347 3211 2560 3274 Roma
2599 3207 2774 3273 haud
2816 3224 2971 3288 qua-

767 3348 971 3412 quam
1018 3335 1382 3411 spectetur.

858 3451 1207 3518 Postremo
1268 3451 1591 3518 Varronis
1652 3450 2042 3516 testimonio
2104 3451 2549 3516 demonstrari
2595 3451 2794 3530 putat
2841 3445 2973 3511 UR-

770 3591 967 3640 L1cHs
1026 3570 1377 3638 macellum
1440 3571 1829 3636 Plautinum
1892 3573 1959 3636 in
2021 3571 2300 3636 australi
2351 3571 2474 3636 fori
2521 3574 2711 3651 parte
2755 3569 2968 3632 situm

770 3694 1001 3760 fuisse.
1061 3691 1378 3772 Legimus
1438 3691 1619 3755 enim
1663 3691 1838 3771 apud
1887 3691 2260 3756 Varronem
2305 3689 2379 3754 L.
2405 3691 2481 3755 L.
2532 3689 2592 3766 5,
2649 3687 2774 3753 145
2821 3705 2966 3768 sqq.

766 3813 1036 3898 (Mull.):
1136 3812 1314 3898 „Quo
1398 3811 1772 3876 conferrent
1856 3828 2016 3877 suas
2083 3811 2595 3891 controversiaS,
2664 3813 2736 3874 et
2803 3823 2974 3888 quae

770 3933 1056 4001 vendere
1102 3931 1354 3998 vellent
1398 3945 1530 4011 quo
1575 3930 1852 4006 ferrent,
1899 3930 2116 3997 forum
2157 3931 2598 4013 appellarunt.
2647 3929 2782 3994 Ubi
2818 3927 2980 4009 quid

772 4054 1163 4135 generatim,
1221 4051 1527 4116 additum
1572 4051 1657 4115 ab
1701 4068 1780 4116 eo
1824 4068 2206 4136 cognomen,
2255 4056 2337 4117 ut
2382 4051 2601 4117 forum
2651 4050 2977 4132 boarium,

774 4175 995 4241 forum
1031 4171 1401 4249 olitorium;
1444 4168 1567 4234 hoc
1605 4173 1754 4235 erat
1791 4172 2146 4253 antiquum
2184 4170 2535 4238 macellum
2574 4171 2689 4235 ubi
2725 4170 2983 4235 olerum

772 4295 979 4376 copia.
1043 4293 1139 4358 Ea
1198 4291 1340 4356 loca
1400 4289 1610 4354 etiam
1669 4308 1852 4357 nunc
1904 4292 2405 4359 Lacedaemonii
2451 4294 2699 4356 vocant
2745 4289 2984 4356 macel-

775 4413 951 4495 lum3
1026 4413 1143 4480 sed
1209 4412 1405 4476 Iones
1468 4410 1644 4476 ostia
1710 4417 2013 4478 ortorum
2081 4411 2464 4479 macellotas
2524 4414 2849 4485 ortorum,
2911 4414 2987 4474 et
