3450 5350
1564 612 1647 676 77

510 792 727 861 ἐκεῖνος
792 790 859 853 ἐκ
913 788 1258 869 χρημάτων
1323 795 1519 854 κοινῶν
1586 788 1699 853 ὑπὸ
1766 790 1833 854 τὸ
1894 790 2315 871 βουλευτήριον
2377 800 2452 873 τῇ
2502 791 2701 875 ἀγορᾷ

508 911 835 993 παρέβαλε
886 913 988 976 καὶ
1039 912 1298 992 Πορκίαν
1346 913 1677 985 Boeo-amachi!
1720 911 2230 992 vtpocnydpsvce’ss
2255 914 2464 982 Vides
2489 932 2703 998 neque

506 1034 776 1101 Livium
819 1049 1032 1116 neque
1078 1034 1512 1100 Plutarchum
1560 1033 1774 1100 dicere
1821 1034 1998 1101 illam
2050 1036 2390 1101 basilicam
2414 1036 2703 1119 primam

507 1156 735 1222 fuisse.
798 1156 967 1221 Cum
1029 1157 1153 1221 hac
1212 1155 1601 1237 quaestione
1662 1155 1744 1220 de
1790 1156 2006 1237 prima
2056 1155 2326 1221 basilica
2369 1160 2513 1222 arte
2559 1174 2708 1223 con-

508 1279 739 1345 iuncta
795 1281 904 1344 est
960 1277 1089 1345 alia
1144 1277 1464 1361 quaestio,
1517 1278 1598 1343 de
1645 1277 1915 1343 nomine
1960 1276 2271 1343 basilicae
2315 1280 2386 1341 et
2431 1278 2702 1343 omnino

409 1372 413 1374 V
511 1399 591 1465 de
649 1398 1074 1465 basilicarum
1128 1400 1397 1480 origine.
1467 1400 1545 1464 In
1593 1416 1724 1481 qua
1768 1398 2237 1479 investiganda
2283 1416 2415 1464 non
2464 1398 2704 1465 miran-

512 1521 672 1586 dum
736 1524 843 1587 est
900 1519 1149 1586 multos
1193 1522 1375 1587 viros
1418 1521 1649 1587 doctos
1693 1521 2020 1601 cogitasse
2066 1520 2144 1585 de
2189 1523 2350 1586 nota
2393 1519 2524 1586 illa
2549 1525 2704 1603 στοᾷ

509 1640 833 1721 βασιλείῳ,
891 1660 1061 1724 quae
1123 1643 1415 1708 Athenis
1474 1642 1625 1709 fuit.
1688 1642 1844 1724 Ipsa
1904 1642 2084 1707 enim
2142 1641 2434 1708 nominis
2481 1640 2704 1708 simili·

510 1763 671 1829 tudo
716 1763 868 1830 illuc
914 1764 1202 1830 adducit.
1245 1764 1497 1829 Verum
1544 1765 1629 1829 ab
1674 1764 1777 1847 iis,
1826 1766 1940 1845 qui
1986 1781 2128 1829 rem
2172 1765 2552 1830 accuratius
2597 1782 2705 1831 ex-

507 1886 875 1966 plorarunt,
923 1885 1106 1951 illam
1155 1883 1340 1948 στοάν
1390 1879 1653 1967 semper
1696 1883 2017 1962 βασίλειον
2064 1886 2305 1963 vocari,
2333 1901 2703 1967 numquam

510 2003 841 2082 βασιλικήν
903 2008 1335 2072 observatum
1398 2009 1523 2072 est.
1595 2005 1796 2071 Porro
1858 2006 2172 2087 quoniam
2238 2022 2450 2088 neque
2512 2009 2698 2076 στοᾶς

510 2125 831 2203 βασιλείου
894 2144 1106 2208 neque
1167 2127 1478 2193 basilicae
1531 2127 1796 2193 Porciae
1844 2132 2082 2192 notum
2129 2130 2238 2192 est
2281 2143 2453 2209 quae
2499 2124 2701 2193 fuerit

509 2247 739 2329 forma,
811 2247 1172 2312 admodum
1238 2248 1672 2313 temerarium
1745 2247 1910 2312 mihi
1981 2247 2248 2313 videtur
2307 2248 2704 2315 contendere

510 2363 693 2433 illam
738 2367 959 2433 huius-
986 2368 1371 2449 exemplum
1415 2368 1643 2433 fuisse.
1693 2368 1945 2434 Exstat
1989 2371 2219 2434 autem
2268 2367 2396 2435 alia
2441 2373 2702 2437 senten·

510 2490 627 2566 tia,
676 2506 843 2572 quae
886 2490 1157 2555 omnino
1203 2488 1557 2571 probabilis
1596 2489 1764 2555 mihi
1803 2490 2088 2573 videtur,
2118 2490 2443 2557 GILBEBTI
2467 2492 2607 2558 dico
2631 2488 2701 2577 ¹),

510 2612 621 2694 qui
668 2612 1087 2678 basilicarum
1133 2612 1454 2692 originem
1499 2612 1570 2678 in
1618 2612 1765 2694 ipsa
1812 2614 2070 2695 quaerit
2115 2614 2352 2680 Roma.
2413 2614 2562 2681 Non
2609 2616 2706 2682 in-

509 2734 679 2799 iuria
734 2735 1048 2800 observat
1102 2751 1333 2800 vocem
1382 2735 1693 2800 basilicus
1740 2734 2121 2817 frequenter
2166 2737 2340 2818 apud
2388 2736 2701 2804 Plautum

510 2857 775 2922 obviam
824 2872 971 2922 esse
1017 2856 1499 2936 significatione
1552 2855 2024 2942 „groszartig'',
2078 2856 2506 2944 „glanzend”.
2548 2859 2700 2925 Vid.

514 2979 693 3045 Trin.
740 2978 930 3061 1030,
974 2976 1143 3042 aud.
1186 2956 1338 3054 431,
1380 2978 1563 3042 Pers.
1608 2979 1714 3054 29,
1757 2977 1861 3061 31,
1907 2980 2057 3060 462,
2099 2979 2250 3061 806,
2285 2979 2522 3045 Pseud.
2549 2979 2700 3057 458,

508 3100 703 3182 ¹Capt.
753 3101 907 3183 811,
953 3100 1151 3166 Poen.
1204 3100 1353 3180 577,
1400 3100 1589 3180 Epid.
1614 3102 1719 3166 56.
1771 3100 1872 3165 Ex
1897 3100 2139 3182 quibus
2161 3101 2322 3167 locis
2347 3102 2703 3167 manifesto

509 3224 784 3303 apparet
830 3225 984 3287 tum
1031 3222 1352 3302 temporis
1397 3221 1577 3287 illam
1629 3239 1860 3288 vocem
1907 3223 2290 3304 frequenter
2333 3224 2404 3290 in
2451 3241 2562 3290 ore
2599 3242 2705 3305 po-

510 3341 648 3423 puli
694 3347 1037 3409 versatam
1082 3359 1251 3409 esse.
1299 3342 1554 3409 Notum
1599 3347 1830 3408 autem
1877 3347 1983 3410 est
2028 3344 2165 3409 iarn
2205 3344 2503 3426 antiquis
2542 3348 2706 3411 tem·

511 3463 777 3545 poribus
837 3464 1011 3530 circa
1070 3464 1289 3530 forum
1346 3465 1723 3530 Romanum
1772 3464 2068 3546 porticus
2114 3465 2506 3533 coniunctas
2551 3484 2704 3532 cum

510 3585 807 3652 tabernis
854 3587 1220 3652 exstitisse.
1270 3586 1437 3668 Quid
1482 3602 1637 3666 ergo
1684 3586 1900 3666 magis
1947 3588 2057 3652 est
2101 3586 2458 3652 verisimile
2502 3605 2704 3668 quam

510 3725 719 3774 unam
778 3725 864 3774 ex
924 3708 1053 3774 illis
1118 3708 1499 3791 porticibus,
1562 3724 1731 3789 quae
1791 3707 1969 3772 inter
2027 3710 2283 3774 ceteras
2342 3708 2705 3775 excellebat

513 3829 1001 3910 pulchritudine
1062 3833 1263 3912 atque
1316 3829 1681 3912 splendore,
1730 3847 1771 3894 a
1817 3829 2055 3910 populo
2100 3830 2443 3912 epitheton
2499 3831 2706 3916 „basi-

507 3942 751 4016 licam”
810 3951 1139 4032 accepisse
1156 3952 1191 4015 ?
1260 3950 1484 4032 Atque
1530 3950 1854 4015 eiusmodi
1901 3951 2230 4032 porticum
2277 3968 2445 4033 quae
2493 3953 2704 4033 splen-

512 4069 664 4137 dore
724 4088 845 4136 suo
904 4073 1127 4138 oculos
1189 4072 1258 4136 in
1320 4089 1393 4137 se
1455 4073 1877 4137 converteret
1935 4071 2072 4137 iam
2132 4076 2285 4137 tum
2329 4073 2694 4156 exstitisse,

580 4373 635 4440 1)
673 4371 984 4426 Geschichte
1022 4370 1131 4426 und
1166 4368 1533 4442 'l'opographie
1568 4368 1663 4424 der
1701 4368 1857 4425 Stadt
1895 4369 2033 4423 Rom
2069 4368 2142 4424 im
2180 4369 2465 4438 Altertum,
2503 4371 2615 4439 ΙΙΙ,
2647 4391 2698 4444 p.

512 4458 615 4512 210
650 4475 760 4530 sqq.
