3450 5350
1490 593 1612 657 111

454 774 628 839 delet
671 790 826 840 cum
873 775 1238 841 Munnnnno
1269 774 1315 859 ¹)
1368 773 1529 839 [111οε
1582 773 1944 859 „mendicis
1981 791 2100 839 cur
2141 791 2213 839 se
2251 775 2648 841 adnumeret

452 894 635 960 nulla
681 893 948 961 causa''.
1020 896 1275 961 Versus
1319 895 1595 975 insuper
1639 894 1928 974 insignis
1973 898 2081 960 est
2126 899 2395 976 propter
2440 896 2650 961 brevi-

452 1020 689 1098 tatem,
722 1019 820 1089 ,ut
867 1016 1225 1082 verisimile
1271 1016 1363 1080 sit
1408 1015 1781 1096 ascriptum
1825 1031 1983 1080 eum
2028 1033 2198 1081 esse.
2258 1016 2492 1097 Itaque
2537 1034 2647 1098 ap·

452 1142 665 1220 paret,
706 1139 897 1204 cuius
935 1139 1030 1203 rei
1067 1138 1284 1218 gratia
1324 1136 1697 1202 Trinummi
1736 1136 1957 1202 locum
1994 1138 2302 1218 tractavi,
2330 1138 2645 1203 Plautum

451 1279 815 1343 usurpasse
875 1262 1160 1326 formam
1220 1263 1637 1326 contractam
1698 1259 1885 1324 dites.
1940 1259 2360 1341 Quamquam
2407 1260 2647 1325 statim

449 1382 621 1448 addo
666 1382 965 1448 numeris
1010 1381 1457 1463 anapaesticis
1499 1380 1840 1445 licentiam
1891 1380 2208 1445 maiorem
2255 1396 2403 1446 esse
2447 1397 2650 1462 quam

451 1504 756 1569 iambicis
778 1503 1287 1584 trochaicisque.
1315 1501 1443 1567 Sed
1469 1502 1592 1567 hoc
1615 1504 1796 1566 certe
1817 1500 2059 1582 liquido
2082 1505 2358 1583 apparet
2379 1506 2649 1583 poetam

450 1625 738 1692 formam
784 1628 1204 1691 contractam
1250 1626 1481 1690 notam
1530 1623 1866 1689 habuisse.
1916 1622 2003 1687 Et
2047 1624 2219 1689 hanc
2265 1624 2450 1690 Curc.
2493 1627 2646 1701 472,

450 1750 534 1811 ut
580 1747 711 1812 huc
755 1746 1044 1823 redeam,
1090 1745 1235 1812 ideo
1281 1745 1665 1831 adhibuisse
1708 1760 1865 1809 eum
1914 1746 2236 1826 suspicor,
2275 1749 2354 1811 ut
2391 1746 2650 1813 assimi-

446 1868 771 1933 lationem
811 1867 1118 1933 redderet
1162 1866 1657 1944 venustiorem;
1706 1883 1868 1931 nam
1913 1883 2090 1932 1111110
2135 1871 2208 1932 et
2243 1868 2479 1935 ambae
2519 1867 2648 1951 syl·

447 1988 654 2072 labae,
719 2005 889 2069 quae
948 2006 989 2054 a
1051 1988 1253 2053 simili
1312 1986 1540 2053 littera
1587 1988 1938 2068 incipiunt,
1985 1992 2229 2055 extant
2275 1990 2345 2054 in
2394 1992 2529 2056 arsi
2574 1996 2646 2056 et

451 2127 651 2176 voces
713 2108 1049 2180 ἀσυνδέτως
1114 2110 1628 2188 coniunguntur.
1692 2107 1844 2174 Non
1895 2110 2126 2174 autem
2171 2110 2404 2175 eodem
2448 2112 2644 2177 modo

448 2248 553 2296 vs.
606 2230 737 2295 475
783 2232 997 2297 forma
1041 2234 1389 2297 contracta
1435 2230 1746 2311 explicari
1795 2232 2038 2311 potest.
2094 2231 2408 2297 Fortasse
2453 2236 2648 2314 poeta

450 2354 561 2419 hic
607 2354 788 2420 illam
834 2353 1210 2434 usurpavit,
1260 2351 1575 2434 quoniam
1620 2369 1860 2418 versus
1900 2353 2029 2418 472
2069 2352 2282 2419 forma
2305 2357 2649 2420 contracta

451 2476 515 2540 ei
582 2476 796 2541 adhuc
858 2476 930 2540 in
990 2477 1220 2541 mente
1278 2474 1596 2540 haerebat
1611 2494 1629 2555 3
1694 2474 1812 2539 sed
1874 2474 2082 2540 etiam
2144 2492 2408 2542 sumere
2469 2475 2645 2554 licet,

448 2597 773 2680 principio
836 2614 1104 2663 versum
1170 2595 1361 2662 aliter
1419 2596 1911 2662 conformatum
1970 2598 2198 2675 fuisse,
2261 2599 2482 2665 velut:
2535 2600 2643 2686 „in

448 2719 589 2785 foro
649 2721 879 2786 infimo
940 2720 1289 2786 ambulant
1343 2719 1497 2785 boni
1541 2719 1849 2814 homines
1893 2722 2096 2800 atque
2141 2719 2452 2803 divites'’;
2500 2723 2646 2786 sive

448 2842 621 2922 quod
667 2843 1016 2908 ambulant
1061 2842 1375 2923 primitus
1422 2841 1754 2905 omissum
1799 2841 1869 2905 in
1908 2841 2125 2906 medio
2164 2858 2383 2923 versu,
2411 2847 2647 2923 postea

446 2967 679 3029 autem
746 2965 835 3028 in·
878 2963 1176 3042 margine
1238 2962 1564 3038 additum,
1630 2961 1729 3026 sic
1788 2960 2007 3026 locum
2068 2962 2330 3027 invenit
2393 2964 2463 3028 in
2510 2965 2644 3031 fine

451 3101 689 3152 versus
750 3086 953 3164 atque
1012 3082 1253 3164 effecit,
1301 3086 1381 3146 ut
1426 3082 1658 3146 divites
1706 3098 1886 3146 nunc
1937 3081 2135 3147 metri
2181 3099 2382 3147 causa
2429 3087 2646 3150 muta·

448 3208 635 3271 retur
678 3205 747 3269 in
795 3205 994 3285 dites;
1052 3203 1196 3269 sive
1242 3202 1414 3284 quod
1459 3203 1825 3285 ambulant,
1876 3206 2231 3284 postquam
2279 3205 2506 3269 versui
2553 3223 2651 3270 se-

449 3327 684 3408 quenti
745 3325 1118 3408 explicandi
1168 3324 1384 3406 gratia
1427 3325 1800 3404 ascriptum
1846 3327 1977 3400 est,
2024 3325 2091 3389 in
2140 3323 2648 3406 praecedentem

388 3453 392 3457 '
452 3463 728 3512 versum
786 3446 1123 3512 aberravit
1181 3447 1385 3526 atque
1442 3460 1645 3510 causa
1704 3444 1976 3510 exstitit
2022 3463 2140 3511 cur
2182 3448 2531 3515 ambulant
2575 3449 2646 3514 in

452 3567 670 3633 medio
718 3584 919 3633 versu
963 3566 1309 3633 deleretur.
1899 3549 1906 3556 ’

542 3688 855 3754 Vidimus
914 3689 1201 3754 offensas
1260 3686 1679 3768 prosodiacas
1739 3686 1812 3750 111
1874 3704 2117 3753 scaena
2179 3706 2309 3754 non
2359 3690 2646 3757 inveniri

448 3815 651 3891 atque
712 3810 904 3890 siqua
964 3811 1193 3874 exstat
1255 3805 1441 3873 facile
1505 3823 1657 3872 eam
1723 3805 1862 3872 tolli
1923 3825 2140 3888 posse.
2201 3809 2429 3891 Neque
2474 3813 2647 3893 quod

448 3947 639 4011 porro
689 3928 971 3996 LANGEN
1016 3930 1084 3995 in
1134 3928 1431 3994 medium
1478 3929 1730 4010 profert
1775 3931 2008 3994 contra
2055 3947 2158 3993 vs.
2210 3930 2341 3994 475
2387 3931 2495 4009 (de
2541 3949 2642 3997 vs.

447 4054 575 4118 472
638 4057 709 4117 et
763 4053 895 4117 485
943 4068 1147 4133 supra
1192 4053 1425 4116 actum
1471 4052 1624 4133 est),
1673 4049 1876 4114 ullius
1921 4053 2031 4115 est
2075 4052 2431 4116 momenti:
2491 4053 2644 4138 „der

442 4174 615 4239 Vers
678 4174 809 4238 475
869 4173 1130 4239 endlich
1196 4173 1291 4238 ist
1351 4171 1591 4236 darum
1652 4171 2052 4254 verdacht-ig,
2119 4172 2271 4237 weil
2332 4177 2528 4239 sonst
2570 4175 2643 4239 in

519 4430 575 4498 1)
611 4429 965 4485 Plautinische
999 4429 1250 4488 Prosodie
1285 4447 1337 4500 p.
1376 4429 1497 4482 244.
