3450 5350
1541 597 1668 663 133

488 782 795 847 versibus
864 797 1191 861 censeam,
1255 780 1327 844 in
1396 778 1481 843 iis
1535 779 1919 844 'tractandis
1987 778 2153 862 dixi)
2228 796 2441 860 neque
2508 785 2686 845 recte

486 902 704 968 reddit
765 902 1179 968 sententiam
1239 901 1550 984 JossnAm,
1617 902 1854 981 utpote
1914 901 2029 982 qui
2075 917 2175 965 vs.
2225 900 2356 966 483
2402 901 2684 982 interpo-

484 1024 699 1090 latum
748 1041 897 1090 esse
944 1024 1310 1098 existimet.

573 1278 675 1332 vs.
728 1265 877 1332 560.
931 1267 1115 1332 Leno
1163 1282 1233 1331 re
1281 1264 1511 1331 divina
1549 1264 1729 1331 facta
1761 1264 1978 1329 denuo
2016 1263 2088 1328 in
2121 1280 2431 1329 scaenam
2471 1264 2691 1345 prodit

497 1388 577 1452 de
624 1387 769 1453 suis
816 1388 1016 1454 rebus
1062 1405 1289 1454 secum
1333 1386 1627 1468 loquens.
1678 1386 1853 1451 Tum
1897 1384 2046 1451 libri
2086 1386 2247 1450 haec
2287 1385 2451 1450 dant
2490 1386 2693 1449 verba

486 1507 726 1575 militi:

826 1712 829 1715 .
1722 1631 2064 1695 Iusseram
2118 1629 2374 1695 salvere
2423 1632 2510 1694 te.

489 1752 928 1819 salutationis
973 1756 1205 1835 autern
1262 1751 1521 1818 nullum
1569 1754 1802 1817 exstat
1848 1750 2237 1830 vestigium.
2284 1750 2498 1832 Quare
2544 1752 2693 1816 Ao1·

485 1890 737 1940 DALms
796 1876 1129 1939 iusseram
1191 1873 1493 1939 mutavit
1552 1873 1622 1937 in
1677 1873 2018 1955 iusserim,
2070 1872 2242 1954 quod
2291 1872 2527 1953 probat
2572 1872 2695 1937 Us·

486 2011 675 2060 sme:
748 1998 892 2082 „est
952 1994 1132 2059 enim
1189 1994 1661 2060 coniunctivus
1708 2011 1842 2059 non
1891 1994 2064 2058 satis
2110 1993 2412 2068 scientis,
2460 1982 2694 2059 utrum

486 2115 779 2180 salutare
846 2115 1014 2181 velit
1078 2132 1166 2180 an
1237 2115 1436 2181 non”.
1503 2114 1663 2180 Mihi
1728 2130 1885 2181 vero
1947 2116 2266 2180 iusserim
2331 2114 2694 2180 admodum

482 2235 872 2315 languidum
923 2235 1209 2301 videtur.
1253 2236 1481 2317 Neque
1520 2238 1752 2301 tamen
1793 2236 2009 2315 magis
2047 2236 2387 2317 probanda
2430 2236 2696 2302 videtur

484 2358 997 2424 RAuraRBnBen
1027 2358 1387 2441 sententia,
1416 2358 1529 2439 qui
1554 2360 1733 2423 teste
1755 2356 2140 2423 Snrrrmzro
2169 2355 2218 2440 ¹)
2243 2360 2394 2439 post
2423 2374 2521 2423 vs.
2552 2359 2682 2423 556

480 2479 785 2545 lacunam
850 2480 1114 2563 statuit,
1178 2497 1379 2561 quam
1443 2480 1540 2544 sic
1593 2478 1731 2545 fere
1775 2478 2175 2560 explendam
2218 2495 2368 2543 esse
2413 2454 2680 2544 censet:

486 2600 669 2678 <sed
718 2600 1025 2666 lenonem
1064 2598 1255 2664 video
1293 2600 1425 2665 huc
1462 2600 1592 2665 ire:
1634 2599 1804 2665 heus
1844 2603 1941 2683 tu,
1986 2599 2179 2665 iubeo
2217 2599 2476 2666 salvere
2517 2602 2677 2672 te>.

478 2723 707 2803 Neque
766 2721 948 2786 enim
1010 2719 1247 2787 militis
1305 2737 1453 2787 esse
1512 2721 1798 2787 arbitror
1857 2721 2043 2801 prius
2106 2719 2422 2802 salutare,
2467 2738 2679 2804 neque

476 2843 534 2908 si
598 2843 857 2910 salvere
916 2843 1248 2923 iussisset,
1313 2843 1379 2908 id
1441 2846 1583 2908 tam
1648 2842 1988 2908 submissa
2047 2841 2315 2908 fecisset
2376 2859 2557 2923 voce,
2598 2846 2686 2909 ut-

474 2965 623 3029 leno
672 2981 805 3031 non
854 2963 1136 3030 audiret.
1182 2964 1449 3030 Conicio
1495 2964 1849 3046 legendum
1892 2982 2074 3030 esse:
2130 2965 2367 3050 „iuben
2415 2982 2504 3030 an
2545 2981 2676 3030 non

473 3083 731 3151 salvere
800 3085 1005 3151 mem?
1073 3084 1170 3150 Cf.
1236 3103 1340 3151 vs.
1414 3088 1563 3169 566,
1638 3086 1829 3168 Capt.
1893 3087 2048 3163 846,
2117 3089 2321 3168 atque
2389 3087 2525 3152 Lno
2592 3087 2676 3152 ad

474 3207 712 3272 Bacch.
780 3209 930 3272 269.
986 3207 1383 3287 Indignatus
1428 3209 1602 3289 quod
1648 3209 1797 3273 leno
1844 3225 1917 3275 se
1966 3226 2097 3274 non
2145 3208 2530 3290 conspiciat,
2575 3225 2672 3274 as-

474 3328 759 3410 perrime
804 3329 866 3393 ei
912 3329 1202 3410 imperat
1248 3332 1328 3395 ut
1374 3347 1449 3395 se
1494 3328 1752 3397 salvere
1795 3330 2043 3407 iubeat,
2089 3333 2294 3411 atque
2338 3330 2488 3395 leno
2536 3347 2673 3395 non

472 3451 617 3515 sine
680 3450 983 3518 irrisione
1041 3452 1303 3517 iussum
1364 3452 1773 3533 exsequitur.
1835 3452 2043 3518 Iuben
2105 3472 2198 3519 an
2243 3471 2376 3519 non
2422 3453 2491 3518 in
2537 3453 2670 3516 ius·

468 3588 693 3636 seram
739 3575 1126 3653 corruptum
1172 3589 1319 3638 esse
1364 3575 1667 3640 statuere
1702 3590 1836 3639 non
1873 3573 1972 3638 ita
2007 3573 2226 3640 audax
2268 3574 2498 3658 iudicO,
2541 3591 2671 3655 quo

469 3690 637 3757 vitio
685 3692 756 3757 in
803 3695 1075 3759 textum
1120 3697 1387 3775 recepto
1434 3713 1536 3760 me
1580 3695 1652 3759 in
1699 3699 1759 3759 te
1803 3697 2148 3760 mutatum
2194 3698 2322 3761 est.

556 3950 658 3999 vs.
732 3933 860 3998 564
926 3952 1065 4016 sqq.
1129 3935 1292 4001 Post
1338 3936 1816 4003 salutationem
1863 3937 2056 4002 miles
2101 3941 2292 4017 rogat
2334 3937 2665 4015 lenonem,

463 4055 619 4137 quid
702 4056 879 4137 apud
965 4073 1141 4123 eum¹
1204 4062 1363 4137 agat
1431 4059 1940 4126 mercimonium
2012 4076 2230 4125 suum.
2295 4059 2664 4144 Responde·

461 4178 575 4240 tur
619 4175 718 4241 ei:

528 4440 587 4507 1)
620 4438 1141 4498 Litteraturberichte
1175 4442 1305 4498 uber
1343 4443 1579 4512 Plautina,
1616 4445 1870 4499 Bunsun
1908 4447 1994 4500 47.
