3450 5350
1851 591 1934 654 16

793 785 996 849 grans
1043 785 1230 832 amor
1275 770 1343 833 et
1390 765 1608 849 libide,
1653 786 1826 850 quae
1866 771 2033 836 solet
2074 772 2329 835 matres
2367 768 2611 834 furiare
2646 784 2989 849 equorum,

795 889 1065 954 Saeviet
1135 890 1306 954 circa
1376 891 1556 954 iecur
1616 891 2057 957 ulcerosum.’'
2123 890 2423 958 Tametsi
2483 889 2687 969 igitur
2746 906 2831 953 ex
2892 889 2997 953 his

691 1024 695 1028 ·
793 1011 954 1076 locis
1019 1011 1187 1075 satis
1249 1011 1674 1093 perspicuum
1738 1015 1845 1078 est
1907 1013 2086 1079 iecur
2146 1012 2320 1094 apud
2383 1011 2698 1091 antiquos
2763 1025 2997 1074 revera

792 1130 1018 1196 sedem
1083 1148 1230 1196 esse
1292 1133 1562 1208 amoris,
1627 1135 1856 1198 tamen
1920 1135 2181 1199 credere
2243 1149 2495 1214 nequeo
2556 1133 2627 1196 in
2684 1133 2992 1195 nostrum

788 1251 1008 1317 locum
1069 1253 1280 1318 ullum
1337 1254 1663 1333 quadrare
1709 1255 2120 1321 adiectivum
2167 1255 2337 1336 quod
2385 1255 2468 1318 ad
2516 1270 2811 1318 amorem
2858 1267 2995 1332 per-

797 1373 1036 1439 tineat.
1086 1374 1254 1456 Quid
1296 1375 1529 1440 enim?
1575 1375 1756 1442 Leno
1798 1394 1931 1441 non
1977 1377 2193 1441 solum
2232 1376 2389 1442 dicit
2430 1393 2503 1441 se
2542 1375 2771 1440 morbo
2808 1374 2995 1439 affec-

798 1499 952 1561 tum
1011 1512 1156 1560 esse
1217 1496 1468 1591 iecoris,
1535 1497 1650 1562 sed
1713 1497 1921 1562 etiam
1983 1498 2194 1581 lieniS,
2260 1514 2519 1572 renum,
2579 1497 2991 1578 pulmonum,

797 1617 1029 1699 cordiS‚
1096 1617 1398 1682 omnium
1459 1617 1741 1699 denique
1794 1619 2115 1684 hirarum.
2164 1620 2465 1701 Quonam
2516 1619 2708 1684 modo
2756 1635 2844 1683 ex
2889 1618 2995 1682 his

797 1737 1055 1803 efficere
1115 1741 1340 1818 potest
1393 1738 1747 1806 Palinurus
1793 1740 1984 1805 illum
2030 1756 2305 1819 aegrum
2352 1755 2497 1804 esse
2543 1740 2771 1804 morbo
2818 1756 2996 1804 ama·

798 1859 1018 1925 torio?
1078 1857 1290 1924 Simul
1349 1863 1602 1935 autem,
1665 1861 1983 1941 quoniam
2039 1861 2262 1941 plures
2307 1861 2595 1941 corporis
2640 1862 2867 1942 partes
2912 1860 2997 1925 af·

802 1980 1016 2046 fectae
1101 1983 1283 2061 sunt,
1356 1980 1793 2046 manifestum
1858 1986 1963 2047 est
2033 1980 2424 2047 Palinurum
2494 1999 2627 2046 non
2698 1984 2999 2046 statuere

801 2119 996 2183 posse
1078 2100 1382 2167 lenonem
1449 2106 1793 2179 aegrotare
1862 2105 2090 2169 morbo
2158 2104 2412 2179 iecoriS‚
2481 2102 2656 2184 quod
2724 2103 2997 2184 insuper

802 2223 1161 2288 verisimile
1220 2225 1326 2288 est
1387 2239 1473 2288 ex
1533 2223 1789 2290 lenonis
1851 2243 2197 2307 responso:
2254 2224 2480 2310 „facile
2525 2228 2631 2290 est
2680 2225 3003 2290 miserum

800 2343 1128 2409 inridere”
1147 2365 1164 2425 ;
1223 2361 1381 2409 nam
1427 2345 1495 2409 in
1546 2344 1845 2410 Palinuri
1892 2347 2113 2410 verbis
2161 2363 2328 2426 quae
2373 2345 2591 2410 irrisio
2636 2345 2820 2421 insit,
2868 2363 3002 2410 non

802 2465 1021 2530 facile
1052 2465 1296 2530 dixerit
1355 2466 1615 2547 aliquis
1678 2453 1861 2547 Quod
1925 2467 2301 2546 intelligens
2357 2467 2755 2542 AomALms,
2803 2484 3002 2548 quem

803 2587 1106 2667 sequitur
1168 2586 1387 2651 Gronrz
1419 2585 1487 2669 ¹),
1555 2605 1661 2652 vs.
1724 2588 1850 2650 244
1900 2590 2060 2652 ante
2106 2606 2207 2652 vs.
2260 2589 2389 2652 240
2436 2588 2703 2683 posuit„
2729 2585 2854 2653 Sed
2906 2587 3001 2652 sic

779 2726 1060 2789 quoque
1124 2708 1522 2775 vocabulum
1585 2709 2004 2791 hepatiarius
2064 2710 2405 2776 molestias
2452 2710 2645 2775 nobis
2691 2710 3002 2775 exhibere

766 2831 1041 2911 pergit.
1111 2830 1386 2894 Certum
1447 2846 1601 2908 ergo
1663 2831 1830 2896 duco
1885 2834 2271 2911 corruptum
2318 2830 2476 2895 illud
2522 2848 2701 2896 esse:
2753 2831 3004 2897 conicio

807 2956 1038 3017 autem
1075 2953 1478 3034 putidarius
1525 2951 1632 3034 (cf.
1681 2971 1747 3017 v.
1800 2954 1976 3036 241),
2016 2954 2187 3035 quod
2230 2953 2628 3019 vocabulum
2669 2970 3003 3033 nusquam

806 3074 1074 3156 quidem
1122 3073 1275 3139 alibi
1323 3073 1667 3138 invenitur
1718 3074 1919 3146 (idem
1969 3074 2255 3154 profecto
2294 3074 2371 3138 de
2412 3073 2831 3156 hepatiarius
2871 3078 3002 3139 sta-

804 3197 1136 3261 tuendum
1199 3198 1348 3272 est),
1412 3196 1525 3260 sed
1591 3198 1821 3259 nostro
1881 3196 2021 3260 loco
2081 3195 2511 3276 aptissimum
2575 3199 2703 3260 est.
2738 3192 2791 3279 ²)
2839 3195 3005 3287 Quid

803 3318 986 3383 enim
1041 3320 1275 3398 poetae
1325 3316 1539 3394 magis
1587 3317 1655 3381 in
1703 3321 2018 3398 promptu
2066 3332 2213 3382 esse
2258 3317 2451 3381 debet
2494 3334 2699 3398 quam
2744 3316 3001 3382 Palinu-

804 3458 978 3516 rum,
1041 3442 1400 3519 postquam
1465 3439 1729 3504 audivit
1790 3438 2241 3519 Cappadocem
2302 3439 2615 3504 omnibus
2674 3439 2809 3503 fere
2870 3454 3001 3503 cor-

802 3564 978 3643 poris
1046 3561 1352 3642 partibus
1421 3576 1696 3639 aegrum
1757 3576 1924 3639 esse,
1998 3561 2244 3626 comice
2314 3560 2647 3625 dicentem
2713 3560 2997 3638 fingere:

809 3687 998 3769 „tum
1068 3685 1138 3747 te
1206 3682 1422 3760 agitat
1491 3682 1763 3746 morbus
1832 3682 2245 3761 putidarius”
2264 3683 2297 3744 ?
2365 3682 2559 3746 Nunc
2626 3680 2772 3746 leno
2840 3684 2997 3762 apte

804 3806 1019 3870 dicere
1063 3806 1319 3884 potest:
1377 3802 1604 3887 „facile
1649 3805 1758 3867 est
1806 3803 2127 3868 miserum
2174 3804 2522 3868 inridere.’'

823 4016 1210 4025 -—..—-—.—-——-

873 4152 930 4221 1)
969 4151 1222 4207 Analecta
1272 4148 1534 4203 Plautina.
1580 4148 1914 4219 Scripsorunt
1962 4148 2258 4204 Fridoricus
2304 4147 2508 4203 Schoell
2546 4147 2803 4219 Georgius
2839 4149 3004 4202 Goetz

801 4238 1067 4295 Gustavus
1104 4238 1316 4291 Loewe.
1358 4254 1406 4307 p.
1447 4236 1548 4288 108
1587 4253 1700 4303 sqq.

875 4328 930 4391 2)
969 4325 1048 4379 De
1098 4323 1277 4378 Plauti
1324 4340 1502 4375 amore
1547 4321 1923 4377 adiectivorum
1960 4324 2027 4377 -in
2076 4326 2244 4377 -arius
2294 4322 2357 4376 cf.
2408 4322 2642 4375 Lonnnz
2694 4321 2762 4375 ad.
2811 4321 3003 4376 Pseud.

799 4413 930 4468 952:
971 4452 1143 4475 ......
1182 4429 1238 4464 03
1275 4408 1394 4463 sind
1438 4413 1591 4462 untur
1627 4408 1804 4464 diesen
1841 4409 1976 4465 allen
2014 4411 2147 4466 viole
2184 4418 2321 4483 ἅπαξ
2361 4408 2667 4479 λεγόμενα.”
