3450 5350
1549 572 1637 637 89

497 752 707 819 fuisse
752 753 1018 835 spuriae
1061 756 1422 837 parabasis‚
1462 774 1617 823 cum
1656 759 1890 823 contra
1927 760 2299 822 memorata
2337 755 2699 834 genuinam
2775 838 2780 843 ,

498 890 649 941 eam
718 893 865 942 esse
935 878 1419 961 demonstrent,
1489 879 1613 945 hoc
1680 881 1760 945 ut
1829 896 2070 945 verum
2136 879 2228 945 sit
2297 894 2699 960 magnopere

500 1014 750 1064 vereor.
814 998 989 1065 Nam
1048 1001 1251 1066 ceteri
1313 1000 1437 1066 loci
1497 996 2003 1067 commemorati
2063 1004 2185 1066 aut
2236 1000 2305 1065 in
2350 1001 2488 1066 foro
2535 1003 2700 1066 sunt

500 1123 621 1185 aut
690 1120 843 1187 inde
912 1122 1207 1204 conspici
1273 1126 1578 1205 possunt,
1650 1125 1732 1187 ut
1799 1122 2050 1187 mirum
2113 1122 2224 1196 sit,
2288 1121 2459 1201 quod
2521 1138 2700 1185 unus

500 1246 770 1309 tantum
812 1244 995 1310 locus
1042 1246 1445 1327 nominetur,
1496 1246 1574 1311 de
1622 1262 1751 1327 quo
1799 1244 1958 1310 illud
2006 1262 2138 1309 non
2188 1243 2442 1324 valeat;
2484 1259 2700 1325 neque

498 1364 741 1430 iniuria
799 1366 1108 1431 observat
1169 1367 1210 1432 J
1212 1383 1436 1432 oRnAN
1484 1363 1565 1447 ¹):
1638 1384 1878 1453 „wenn
1941 1382 2014 1429 er
2075 1382 2207 1430 von
2255 1363 2372 1429 der
2420 1364 2697 1430 Tusker·

498 1502 695 1565 gasse
729 1487 913 1569 'dann
953 1488 1120 1553 noch
1161 1488 1396 1554 weiter
1434 1489 1604 1555 nach
1643 1487 1797 1554 dem
1823 1486 2161 1553 Velabrun
2199 1485 2506 1565 gelangte
2536 1486 2698 1568 (22),

502 1624 576 1672 so
644 1612 825 1673 ware
892 1608 1012 1674 das
1073 1610 1581 1691 topographisch
1666 1609 2002 1675 durchaus
2082 1607 2494 1687 begreiflich:
2575 1625 2703 1673 nur

501 1728 751 1819 freilich
832 1730 1063 1796 wiirde
1145 1731 1345 1795 leicht
1429 1731 1535 1797 die
1617 1732 1858 1811 Frage*
1914 1729 2360 1810 ausgeworfen
2434 1728 2702 1794 werden

503 1852 792 1928 konnen,
846 1870 1107 1918 warum
1170 1870 1311 1919 wer
1360 1852 1608 1919 einmal
1655 1854 1777 1919 das
1823 1853 2070 1918 Forum
2115 1852 2256 1919 und
2303 1852 2407 1917 die
2454 1851 2699 1916 unmit·

502 1973 716 2038 telbar
776 1974 1262 2039 anstoszenden
1326 1974 1588 2042 Gassen
1650 1976 1989 2043 verlassen
2059 1975 2195 2057 hat,
2261 1974 2460 2054 grade
2527 1974 2702 2038 beim

506 2095 871 2162 Velabrum
930 2095 1095 2162 Halt
1154 2098 1386 2163 macho
1446 2097 1586 2162 und
1648 2097 1838 2162 nicht
1894 2097 2064 2163 noch
2124 2096 2244 2162 das
2287 2091 2525 2161 ¹Leben
2588 2095 2710 2161 auf

504 2219 833 2284 manchon
900 2219 1189 2285 anderen
1253 2219 1441 2286 nicht
1501 2220 1762 2286 minder
1823 2218 2361 2298 merkwiirdigen
2423 2218 2700 2283 Platzen

504 2359 589 2406 zu
629 2341 958 2407 schildern
992 2340 1310 2423 Neigung·
1339 2342 1726 2423 verspiire.''
1767 2341 1889 2407 Cui
1922 2342 2018 2406 rei
2057 2342 2116 2407 si
2146 2340 2456 2406 addimus
2488 2338 2703 2420 deleto

505 2480 607 2528 vs.
670 2462 799 2527 483
862 2480 1138 2529 versum
1202 2464 1332 2527 484
1395 2463 1647 2543 optime
1708 2462 2021 2544 explicari
2081 2479 2294 2543 posse,
2343 2461 2512 2526 satis
2555 2477 2703 2526 esse

506 2584 773 2651 videtur
840 2602 941 2649 vs.
1006 2585 1137 2649 483
1199 2584 1682 2665 interpolatum
1743 2588 2000 2665 putare.
2062 2583 2432 2649 Videamus
2500 2599 2700 2657 nunc,

506 2708 661 2790 quid
711 2707 1043 2787 significet
1091 2725 1191 2773 vs,
1244 2708 1394 2772 484.
1442 2707 1746 2774 Primum
1795 2710 2172 2788 quaeratur,
2224 2723 2386 2771 num
2436 2706 2703 2772 L11³s1us

504 2834 681 2895 recte
738 2832 1005 2896 vortant
1063 2830 1431 2896 mutaverit
1487 2830 1555 2894 in
1620 2832 1914 2896 vorsant.
1964 2829 2384 2910 Quamquam
2429 2827 2702 2902 omnino

505 2967 743 3017 verum
801 2954 909 3016 est
967 2952 1199 3017 eadem
1262 2952 1459 3017 verba
1517 2952 1779 3035 requiri,
1832 2956 2061 3016 tamen
2110 2967 2242 3015 non
2287 2949 2431 3015 fieri
2475 2953 2704 3031 potest

504 3077 585 3140 ut
629 3074 840 3140 altera
886 3075 1265 3140 sententiae
1314 3076 1505 3155 parte
1552 3073 1959 3160 indicativus
2003 3071 2250 3148 exstet,
2289 3070 2499 3136 altera
2558 3088 2702 3136 con-

504 3195 885 3276 iunctivus;
951 3212 1110 3260 nam
1194 3195 1367 3276 quod
1451 3195 1629 3260 hunc
1711 3192 2008 3258 defendit
2082 3192 2216 3260 Lno
2283 3193 2702 3259 annotando:

514 3317 1020 3404 „coniunctivus
1086 3318 1171 3383 ab
1240 3316 1675 3382 antecedente
1745 3315 2146 3392 attractus'',
2216 3313 2476 3380 nullum
2536 3316 2702 3380 eius-

506 3439 839 3505 demmodi
878 3413 1259 3520 exemplum
1299 3438 1549 3504 inveni.
1589 3437 1661 3502 Si
1700 3437 1906 3516 igitur
1945 3451 2300 3502 censemus
2323 3453 2454 3501 non
2493 3435 2705 3501 altera

505 3563 693 3642 parte
762 3563 1035 3635 vortere,
1095 3560 1305 3625 altera
1363 3577 1638 3625 vorsare
1700 3563 1968 3624 exstare
2029 3575 2246 3639 posse,
2309 3560 2430 3622 aut
2489 3558 2705 3638 priore

504 3682 641 3746 loco
724 3681 1131 3747 mutandum
1198 3683 1305 3746 est
1372 3682 1637 3745 vorsant
1702 3682 1826 3744 aut
1896 3679 2262 3759 posteriore.
2327 3680 2702 3744 vortantur.

505 3802 654 3867 Non
714 3805 946 3868 autem
992 3803 1097 3867 hic
1142 3802 1302 3867 illud
1351 3803 1703 3867 verborum
1751 3800 2061 3866 vortendi
2108 3802 2180 3865 et
2225 3800 2537 3866 vorsandi
2583 3800 2705 3864 dis-

504 3923 755 3988 crimen
818 3940 927 3988 me
980 3922 1291 4003 offendit3
1340 3939 1502 3987 nam
1551 3923 1758 3988 verba
1803 3925 1873 3986 et
1917 3923 2218 3988 eiusdem
2264 3921 2494 4002 stirpis
2541 3923 2704 3986 sunt

504 4047 575 4108 et
635 4044 989 4137 discrimen
1052 4043 1303 4109 formae
1362 4044 1722 4131 admodum
1776 4061 2063 4124 parvum
2111 4047 2237 4109 est.
2261 4077 2265 4082 ,
2286 4042 2517 4124 Neque
2563 4044 2706 4108 veri

502 4171 686 4231 caret
723 4165 941 4246 specie
978 4165 1151 4246 quod
1191 4165 1558 4231 arbitratur
1581 4166 1621 4231 J
1623 4183 1884 4232 onnAu:
1928 4166 2128 4231 verbo
2160 4163 2468 4231 vortendi
2499 4162 2699 4230 alludi

572 4431 624 4492 1)
659 4429 694 4484 l.
730 4428 765 4483 l.
802 4447 853 4501 p.
892 4428 994 4483 121
1032 4446 1111 4498 sq.
