3450 5350
1812 581 1895 645 42

756 762 992 843 dicam,
1058 780 1229 845 quae
1289 781 1375 830 ex
1435 766 1586 832 eius
1648 768 1955 849 opinione
2016 769 2098 834 de
2152 785 2255 833 νε.
2311 768 2439 832 299
2487 785 2584 849 sq.
2634 771 2961 836 manavit.

756 881 922 962 Quia
969 885 1152 951 enim
1200 887 1272 951 in
1327 888 1636 954 versibus
1695 891 1999 971 proxime
2056 890 2605 970 praecedentibus
2642 891 2725 956 de
2763 893 2965 959 rebus

754 1005 1005 1081 agatur,
1033 1023 1204 1087 quae
1243 1009 1437 1088 plane
1476 1027 1630 1074 cum
1669 1014 2127 1091 spectatorum
2163 1011 2527 1076 sententiis
2562 1015 2958 1091 congruant,

754 1125 1149 1192 Phaedromi
1188 1129 1745 1210 vituperationem
1775 1133 2003 1197 minus
2032 1135 2265 1213 aptam
2298 1136 2509 1214 ratus,
2537 1149 2693 1198 cum
2726 1137 2960 1199 contra

755 1263 856 1310 vs.
909 1248 1116 1312 280-
1136 1251 1263 1316 287
1325 1251 1549 1316 minas
1595 1253 1988 1318 contineant
2033 1253 2470 1318 confidentiae
2516 1255 2955 1334 arrogantiae-

753 1385 882 1450 que
941 1370 1191 1450 plenae,
1255 1372 1338 1436 ad
1398 1389 1566 1454 quas
1626 1374 2020 1440 Phaedromi
2081 1375 2286 1440 verba
2328 1375 2681 1456 aptissime
2726 1377 2956 1441 referri

753 1491 1038 1571 possint,
1100 1493 1461 1559 admodum
1523 1495 1881 1562 verisimile
1939 1497 2190 1562 iudicat
2250 1515 2349 1562 νε.
2410 1497 2762 1562 288-297
2812 1515 2957 1579 pos·

753 1613 995 1678 teriore
1063 1617 1361 1696 tempore
1429 1615 1691 1682 additos
1753 1633 1923 1684 esse.
1987 1618 2379 1699 Opinionem
2444 1636 2639 1684 suam
2700 1620 2825 1685 hac
2884 1635 2956 1684 re

753 1734 1132 1800 confirmari
1205 1738 1425 1819 putat,
1490 1738 1666 1818 quod
1728 1739 1979 1820 priores
2040 1742 2189 1805 octo
2252 1757 2489 1805 versus
2549 1741 2696 1806 sine
2758 1739 2955 1804 dubio

752 1873 837 1920 ex
908 1855 1156 1922 Graeco
1237 1858 1603 1939 exemplari
1679 1863 1989 1942 sumptos
2073 1879 2221 1927 esse
2304 1861 2675 1927 arbitratur
2752 1863 2956 1941 atque

751 1978 962 2044 etiam
1030 1997 1130 2044 νε.
1205 1979 1334 2044 299
1399 1999 1540 2062 sqq.
1603 1980 1774 2046 tales
1834 1999 1997 2065 esse,
2064 1988 2144 2047 ut
2205 1982 2448 2048 saltem
2509 1983 2736 2049 obstet
2790 1982 2955 2047 nihil

752 2101 1136 2182 quominus,‚
1196 2103 1370 2182 quod
1423 2103 1507 2168 ad
1553 2120 1903 2169 summurn
1938 2105 2259 2186 attineat,
2308 2123 2391 2170 ex
2437 2105 2686 2170 Graeco
2733 2121 2951 2170 exem-

752 2223 920 2303 plari
979 2241 1210 2289 versos
1264 2239 1414 2290 esse
1461 2227 1868 2306 statuamus
1920 2231 2150 2292 contra
2194 2245 2297 2292 vs.
2348 2228 2700 2292 288-297
2748 2227 2953 2292 conti·

753 2361 911 2409 nere
959 2362 1067 2411 res
1092 2345 1434 2411 Romanas
1463 2345 1530 2423 ¹).
1573 2347 1789 2427 Quam
1827 2349 2161 2413 rationem
2196 2349 2352 2414 licet
2388 2365 2545 2414 vere
2569 2347 2953 2414 Plautinam

752 2483 898 2531 esse
945 2467 1280 2550 concedat,
1331 2471 1564 2534 tamen
1610 2470 1963 2535 existimat
2010 2471 2412 2550 comparatis
2450 2469 2733 2535 aliarum
2773 2470 2954 2536 fabu-

750 2588 968 2653 larum
1028 2588 1187 2654 locis
1247 2588 1392 2655 illos
1455 2607 1692 2656 versus
1756 2591 1927 2657 tales
1988 2609 2159 2667 esse,
2206 2595 2286 2656 ut
2330 2593 2777 2673 suspicionem
2821 2609 2954 2658 mo·

751 2714 993 2792 veant3
1043 2714 1354 2777 nostrum
1399 2712 1584 2777 enim
1627 2712 1849 2778 locum
1894 2717 2239 2793 comparat
2283 2730 2439 2778 cum
2484 2712 2671 2793 Epid.
2714 2711 2845 2776 229
2885 2716 2957 2778 et

753 2832 948 2898 Most.
1024 2834 1172 2915 274,
1245 2851 1528 2914 quorum
1594 2835 1928 2900 rationem
1989 2835 2399 2900 simillimam
2455 2851 2604 2900 esse
2666 2834 2951 2900 iudicat:

759 2954 900 3040 „die
941 2955 1087 3020 eine
1125 2953 1676 3021 Gredankenreihe
1709 2957 1983 3035 beginnt
2012 2956 2141 3021 mit
2167 2956 2369 3021 Tum
2408 2956 2570 3021 isti
2609 2955 2952 3031 Graeci,

751 3075 854 3141 die
901 3076 1107 3140 andre
1152 3077 1280 3140 mit
1329 3076 1531 3141 Tum
1579 3077 1743 3142 isti
1790 3078 1961 3158 qui:
2016 3094 2183 3156 ganz
2226 3077 2490 3143 ahnlich
2538 3079 2627 3143 ist
2674 3077 2793 3159 Ep.
2824 3077 2952 3142 229

752 3196 960 3277 Quid
1009 3198 1233 3262 istae
1281 3215 1494 3278 quae
1541 3216 1801 3263 u.s.w.
1850 3199 1988 3263 und
2016 3200 2211 3263 Most.
2251 3199 2377 3264 274
2419 3199 2625 3264 Nam
2669 3199 2953 3264 istaec

751 3323 1098 3383 veteres
1151 3335 1216 3382 u.
1244 3336 1298 3383 ε.
1326 3337 1410 3383 νν.
1460 3319 1616 3384 Nun
1663 3304 1821 3385 aber
1866 3320 2018 3385 sind
2064 3320 2167 3385 die
2211 3320 2421 3385 Verse
2467 3320 2665 3385 Most.
2716 3319 2846 3384 274
2881 3320 2949 3385 ff.

751 3441 960 3505 kaurn
1007 3458 1093 3505 an
1132 3440 1308 3505 ihrer
1343 3440 1564 3516 Stelle,
1609 3441 1739 3507 wie
1780 3442 1984 3507 schon
2026 3442 2337 3520 Ladewig
2370 3443 2700 3507 annahm:
2743 3441 2951 3507 wahr-

752 3562 1108 3627 scheinlich
1179 3562 1329 3627 sind
1399 3563 1497 3628 sie
1565 3579 1681 3641 gar
1749 3564 1937 3629 nicht
2004 3563 2431 3644 plautinisoh,
2486 3564 2953 3643 ebensowenig

751 3684 880 3749 wie
938 3684 1056 3766 Ep.
1125 3686 1254 3751 229
1315 3685 1428 3749 ff.”
1491 3685 1911 3767 Quamquam
1976 3686 2145 3750 tales
2204 3685 2327 3750 loci
2387 3702 2504 3766 per
2556 3702 2627 3751 se
2672 3686 2953 3767 quisque

749 3807 1066 3888 perpendi
1113 3807 1527 3888 spectarique
1572 3807 1816 3872 debent
1863 3823 2076 3887 neque
2116 3806 2409 3872 multum
2446 3808 2701 3888 probat,
2744 3807 2952 3887 siquis

751 3929 1100 3996 nonnullos
1159 3929 1354 3993 affert
1413 3928 1588 3995 locos
1648 3928 1995 4009 insiticiOS,
2068 3930 2182 4010 qui
2242 3928 2723 4009 quodammodo
2782 3928 2948 4010 eiuS‚

751 4053 830 4117 de
891 4070 1020 4133 quo
1080 4051 1322 4131 agitur,
1387 4051 1640 4116 similes
1685 4053 1867 4124 sunt,
1918 4053 2147 4115 tamen
2196 4051 2280 4115 ad
2326 4055 2635 4115 nostrum
2682 4050 2949 4132 quidem

749 4152 968 4239 locum
1052 4190 1291 4254 parum
1359 4173 1614 4239 faciunt
1685 4173 1753 4248 ii,
1831 4189 1999 4253 quos
2068 4172 2325 4239 confert
2392 4172 2635 4249 GOETZ,
2706 4173 2946 4254 quippe

822 4432 880 4502 1)
916 4430 1162 4485 Etiamne
1196 4429 1342 4485 locus
1379 4430 1445 4484 de
1479 4428 1644 4485 servis
1677 4426 1981 4483 ludentibus
2016 4426 2074 4481 in
2108 4426 2229 4482 via?
