3450 5350
1537 586 1617 651 51

486 763 651 828 mihi
698 763 980 829 videtur.
1031 764 1102 828 Si
1139 765 1498 846 probamus
1534 769 1647 850 ita,
1693 768 2049 833 Masinissa
2086 767 2195 849 qui
2236 770 2358 835 fiat
2404 773 2484 834 ut
2536 769 2684 851 ipso

486 885 754 950 nomine
815 886 1140 967 Scipionis
1200 890 1535 953 recreetur
1594 889 1907 969 exponit3
1980 890 2083 954 sin
2146 893 2378 955 autem
2440 886 2680 972 itaque,

485 1006 965 1088 quodammodo
1005 1008 1330 1074 habemus
1372 1011 1654 1089 figuram
1704 1010 1829 1072 ἀπὸ
1886 1014 2098 1090 κοινοῦ,
2146 1016 2216 1076 et
2253 1012 2376 1077 hoc
2412 1012 2683 1094 quidem

485 1129 676 1194 modo
725 1133 820 1211 ut,
871 1129 983 1194 ubi
1030 1124 1504 1211 exspectentur
1549 1131 1719 1196 duae
1766 1133 2142 1198 sententiae
2187 1134 2527 1210 relativae,
2567 1150 2683 1215 pro

483 1249 714 1326 altera,
762 1251 936 1315 sicut
981 1267 1182 1333 saepe
1225 1252 1305 1316 fit
1344 1255 1415 1318 et
1455 1252 1525 1318 in
1564 1271 1871 1319 sermone
1910 1253 2162 1320 Graeco
2200 1258 2271 1320 et
2309 1255 2382 1319 in
2420 1255 2677 1338 Latin0,

483 1377 712 1439 exstet
749 1373 1132 1439 enunciatio
1169 1374 1500 1469 primaria.
1549 1375 1798 1440 Eodem
1830 1376 2073 1441 rediret
2095 1394 2223 1458 reS,
2252 1377 2311 1442 si
2334 1377 2432 1442 sic
2453 1377 2681 1457 loque·

483 1500 705 1562 retur:
770 1499 994 1576 grates
1055 1496 1178 1561 tibi
1236 1513 1376 1578 ago,
1411 1498 1614 1578 'quod
1671 1499 2003 1579 conspicio
2050 1497 2443 1580 Scipionem,
2491 1500 2682 1565 cuius

487 1739 614 1804 viri
677 1739 999 1805 memoria
1057 1756 1428 1820 numquam
1479 1755 1564 1804 ex
1611 1741 1837 1806 animo
1885 1759 2034 1806 meo
2080 1742 2381 1822 discedit,
2429 1742 2555 1819 vel,
2604 1746 2684 1807 ut

485 1860 853 1941 explicetur
912 1861 1124 1941 figura
1187 1859 1311 1922 ἀπὸ
1375 1864 1598 1923 κοινοῦε
1655 1865 1887 1941 grates
1959 1863 2082 1928 tibi
2151 1879 2275 1942 ago
2320 1862 2491 1943 quod
2539 1881 2684 1928 con-

485 1982 690 2064 spicio
747 1982 1156 2063 Scipionem:
1221 1976 1348 2047 ita
1407 1982 1552 2048 eius
1613 1984 1901 2048 nominea
1927 1984 2070 2064 i-pso
2116 2001 2371 2050 recreor
2417 1985 2684 2067 itaque

485 2120 542 2168 e.
589 2121 650 2184 q.
699 2121 754 2168 s.
1469 2085 1474 2089 ⁴
1559 2141 1566 2147 -
1780 2088 1793 2096 ’

573 2225 815 2290 Restat
860 2224 1074 2292 adhuc
1117 2225 1300 2290 Pers.
1353 2224 1482 2290 503
1533 2243 1712 2308 sqq.:
1873 2296 1879 2302 ,

663 2347 800 2426 Ego
847 2347 1036 2412 valeo
1083 2349 1263 2412 recte
1310 2349 1382 2411 et
1429 2363 1572 2412 rem
1617 2363 1771 2426 gero
1819 2351 1889 2413 et
1934 2348 2102 2414 facio
2147 2349 2426 2433 lucrum,

663 2469 891 2552 Neque
917 2443 1108 2534 ¹istoc
1152 2469 1363 2534 redire
1409 2469 1516 2534 his
1561 2472 1710 2534 octo
1758 2487 2033 2551 possum
2086 2470 2449 2553 mensibuS,
2482 2539 2484 2542 Α

660 2593 896 2673 Itaque
943 2591 1049 2656 hic
1094 2576 1200 2656 est
1244 2591 1414 2673 quod
1461 2607 1570 2655 me
1618 2591 1876 2656 detinet
1923 2593 2287 2672 negotium.

570 2715 698 2779 Hic
743 2730 972 2779 revera
1017 2731 1118 2777 vs.
1169 2713 1299 2777 505
1346 2730 1549 2779 causa
1593 2714 1872 2779 affertur
1918 2732 2157 2780 versus
2202 2717 2675 2799 praecedentis,

482 2838 594 2901 sed
662 2832 1009 2917 propterea
1069 2834 1394 2916 particula
1452 2837 1674 2917 itaque
1734 2838 2198 2902 emendatione
2258 2854 2449 2917 egere
2510 2839 2678 2904 mihi

481 2958 778 3023 videtur:
851 2961 970 3023 aut
1039 2956 1462 3023 scribendum
1529 2948 1676 3022 esse
1746 2959 1843 3022 ita
1903 2961 2025 3023 aut
2070 2977 2358 3041 namque
2416 2977 2675 3025 censeo.

479 3079 854 3163 Aliquando
913 3098 1202 3161 namque
1251 3080 1322 3143 in
1364 3082 1582 3161 itaque
1628 3080 1960 3160 corrumpi
2009 3082 2327 3161 potuisse,
2372 3081 2671 3164 minime,

479 3205 560 3266 ut
605 3202 838 3283 opiror‚
887 3201 1266 3268 incredibile
1311 3206 1436 3268 est.
2664 3207 2670 3213 ’
