3450 5350
1560 582 1680 645 141

508 773 791 839 persona
849 757 1065 823 aliena
1126 776 1309 824 esse:
1372 777 1533 825 nam
1600 760 2096 843 „Phaedromus
2139 762 2260 826 hat
2307 761 2448 826 sich
2495 760 2719 825 bisher

510 895 627 959 gar
673 880 861 946 nicht
907 898 995 946 an
1042 881 1158 947 der
1203 869 1681 961 Verbandlung
1732 883 2092 965 betheiligt,
2137 884 2286 949 eine
2325 882 2545 948 solohe
2582 882 2720 947 Un-

510 1000 1119 1081 muthsausserung
1179 1019 1303 1067 aus
1366 1004 1620 1068 seinem
1684 1002 1930 1068 Munde
1992 1004 2222 1070 wurde
2277 1004 2348 1068 in
2395 1005 2511 1069 der
2556 1002 2719 1067 Luft

511 1124 899 1204 schweben;
941 1125 1077 1190 und
1117 1125 1236 1189 das
1276 1123 1626 1206 plotzliche
1666 1125 2153 1191 Verstummen
2193 1126 2307 1191 der
2331 1126 2717 1191 Planesium

511 1243 721 1310 bliebe
758 1246 1171 1311 unerklart.”
1212 1245 1605 1313 Phaedromi
1643 1246 2012 1328 indignatio
2053 1249 2330 1313 minime
2369 1265 2557 1340 vana·
2577 1250 2718 1312 est:

510 1365 840 1447 irascitur,
905 1368 1078 1449 quod
1141 1368 1481 1448 parasitus
1540 1369 1958 1435 asseveranti
2022 1368 2268 1448 virgini
2327 1386 2400 1433 se
2445 1369 2718 1433 liberam

511 1502 659 1552 esse
706 1492 942 1553 natam
988 1494 1133 1555 tam
1178 1490 1411 1569 frigide
1458 1491 1939 1572 crudeliterque
1981 1492 2415 1572 respondeat:
2463 1495 2572 1577 „et
2611 1491 2723 1556 alii

510 1608 729 1692 multi,
791 1610 906 1690 qui
968 1627 1147 1677 nuno
1210 1612 1582 1677 serviunt.'’
1642 1613 1989 1678 Parasitus
2036 1618 2300 1679 autem:
2353 1613 2521 1678 ‘nolo
2568 1630 2720 1678 eam

508 1730 673 1794 mihi
720 1732 1075 1797 molestam
1123 1750 1291 1815 esse,
1340 1736 1421 1798 tu
1468 1733 1529 1799 ei
1578 1752 1792 1815 narra,
1843 1734 1901 1799 si
1947 1735 2072 1802 tibi
2115 1736 2320 1810 lubet,
2363 1734 2506 1799 dixi
2544 1734 2720 1815 equi-

510 1850 662 1915 dem
713 1851 897 1929 tibi,
946 1854 1123 1919 unde
1168 1854 1471 1937 habeam,
1522 1853 1669 1919 nolo
1722 1854 1822 1919 bis
1870 1855 2046 1920 idem
2094 1853 2408 1921 narrare.'

602 2112 700 2159 vs.
766 2096 899 2160 610
960 2114 1101 2178 sqq.
1169 2096 1808 2179 Therapontigonus,
1871 2098 2017 2163 sive
2081 2115 2392 2163 scaenam
2450 2096 2718 2179 reliquit
2811 2102 2818 2109 ’

508 2219 662 2297 post
687 2234 787 2281 vs.
816 2217 964 2301 590,
987 2222 1065 2283 ut
1088 2221 1437 2301 quaereret
1462 2218 1944 2301 Curculionem,
1974 2219 2118 2284 sive
2142 2219 2213 2283 in
2238 2219 2504 2284 diversa
2528 2222 2717 2300 parte

507 2338 751 2420 astitit,
804 2358 984 2405 nuno
1030 2340 1305 2406 demum
1344 2341 1796 2421 praesentiam
1842 2358 2035 2406 suam
2083 2342 2414 2421 significat
2455 2340 2714 2406 verbis:

698 2460 933 2527 Salvos
973 2480 1148 2539 sum,
1188 2480 1418 2528 eooum
1458 2479 1659 2549 quem
1697 2464 2117 2543 quaerebam.
2159 2462 2326 2543 Quid
2356 2463 2520 2542 agis,
2546 2463 2714 2527 bone

2031 2586 2209 2663 [vir?
2258 2584 2325 2649 C.
2379 2585 2619 2650 Audio.

692 2707 761 2773 si
821 2709 922 2774 vis
970 2708 1187 2775 tribus
1233 2709 1419 2785 bons,
1473 2679 1575 2774 'vel
1620 2707 1693 2772 in
1739 2708 2178 2792 chlamydem.
2228 2708 2368 2773 TH.
2419 2708 2592 2788 Quin
2639 2714 2713 2774 tu

1811 2830 1898 2913 [is
1945 2831 2015 2895 in
2061 2828 2311 2896 malam
2357 2846 2623 2894 erucem

693 2953 862 3019 Cum
909 2951 1093 3034 bolis,
1143 2970 1299 3018 oum
1343 2953 1613 3018 bulbis?
2387 3021 2390 3024 ,

600 3075 765 3155 Quid
810 3075 971 3141 illud
1018 3074 1229 3140 bulbi-9
1273 3075 1382 3140 hio
1422 3073 1548 3138 sibi
1590 3071 1771 3154 velit,
1813 3073 2085 3139 omnino
2123 3090 2233 3138 me
2272 3072 2459 3150 fallit,
2502 3091 2717 3155 neque

508 3195 723 3275 magis
771 3197 936 3261 mihi
975 3196 1055 3260 fit
1094 3195 1519 3276 perspicuum
1556 3195 1993 3260 annotatione
2033 3195 2376 3260 Ussmen:
2425 3194 2718 3280 „luditur

508 3320 577 3382 in
639 3317 1082 3383 similitudine
1146 3317 1314 3393 soni,
1377 3317 1461 3382 ad
1522 3315 1802 3396 parasiti
1865 3333 2222 3399 personam
2286 3336 2422 3383 non
2469 3319 2718 3399 inepte,

506 3441 749 3521 quippe
812 3442 1003 3506 cuius
1064 3457 1259 3506 mens
1322 3443 1467 3504 tota
1528 3437 1596 3502 in
1660 3438 1828 3503 oibis
1882 3439 2186 3518 occupari
2231 3438 2510 3504 soleat.'’
2559 3439 2719 3505 Veri

503 3562 773 3642 quidem
836 3562 1002 3626 mihi
1069 3561 1333 3627 videtur
1396 3559 1612 3624 simile
1658 3559 1768 3624 hio
1815 3559 2064 3641 requiri·
2109 3578 2358 3643 vocem,
2408 3562 2602 3627 ouius
2648 3563 2717 3627 in

508 3683 655 3748 soni
698 3683 1155 3749 similitudine·
1173 3683 1449 3757 luditur,
1476 3681 1590 3747 sed
1619 3680 1970 3746 bulborum
1993 3682 2249 3747 mentio
2272 3683 2426 3748 hino
2449 3684 2720 3749 omnino

506 3804 723 3870 aliena
760 3809 886 3871 est.
927 3805 1103 3870 Nam
1144 3804 1315 3886 quod
1355 3801 1637 3888 para-siti
1677 3818 1870 3867 mens
1909 3805 2058 3867 tot-a
2096 3807 2407 3868 versatur
2439 3805 2507 3869 in
2534 3805 2718 3882 cibis,

509 3943 673 3992 eane
711 3944 913 3993 causa
951 3943 1101 3993 esse
1140 3928 1383 4008 potest,
1424 3941 1543 3989 eur
1580 3924 1651 3988 in
1689 3923 1938 3989 malam
1979 3941 2243 3990 erucem
2282 3925 2377 3990 ire
2408 3925 2719 3991 iubeatur

506 4065 663 4112 oum
702 4047 941 4124 bulbis,
982 4048 1113 4112 nisi
1151 4048 1340 4128 prius
1381 4045 1730 4111 bulborum
1770 4045 2027 4110 mentio
2067 4045 2244 4111 facta
2275 4048 2434 4112 est?
2460 4047 2716 4113 Verum

504 4169 775 4248 praebet
821 4169 960 4233 ood.
1010 4169 1080 4251 E,
1133 4169 1271 4233 soil.
1322 4166 1538 4241 bullis,
1586 4165 1626 4229 1.
1655 4182 1711 4230 e.
1754 4167 1978 4246 παρίει,
2021 4169 2231 4231 tricis.
2275 4167 2717 4234 conferantur

512 4290 697 4354 Varr.
750 4290 831 4356 de
877 4308 929 4355 r.
970 4309 1020 4355 r.
1069 4293 1125 4373 1,
1176 4292 1244 4352 1:
1298 4289 1395 4374 „si
1432 4291 1537 4352 est
1580 4285 1776 4351 homo
1817 4286 2011 4369 bulla,
2055 4305 2130 4352 eo
2175 4288 2386 4366 magis
2425 4288 2714 4370 senex;'’

500 4410 678 4475 Petr.
744 4413 866 4476 42:
938 4429 1100 4495 „nos
1161 4428 1295 4475 non
1360 4408 1571 4488 pluris
1636 4423 1876 4470 sumus
1938 4425 2140 4486 quam
2190 4407 2480 4488 bullae;”
2530 4410 2710 4475 Pers,
