3450 5350
1757 547 1884 612 120

729 730 860 797 520
908 729 1043 796 CA.
1087 730 1251 812 Quid
1293 729 1505 797 stulta
1540 730 1809 813 ploras?
1846 748 1931 797 ne
1969 730 2154 811 time,
2196 731 2361 795 bene
2399 728 2612 795 hercle
2647 727 2914 793 vendidi

2527 854 2672 929 [ego
2718 852 2822 931 te3

903 973 1034 1039 Fac
1082 973 1176 1039 sis
1224 975 1431 1040 bonae
1474 974 1649 1055 frugi
1694 974 1850 1051 6166,
1897 990 2170 1055 sequere
2214 974 2422 1038 istum
2469 970 2638 1037 bella
2682 971 2866 1037 belle.

905 1094 977 1159 L.
1041 1094 1423 1178 Summano,
1472 1097 1796 1179 numquid
1843 1096 2160 1162 nunciam
2207 1112 2315 1159 me
2361 1094 2514 1160 vis?
2559 1094 2696 1159 CV.
2744 1094 2912 1159 Vale

2346 1217 2572 1297 [atque
2617 1213 2820 1291 salve,

911 1338 1084 1403 Nam
1130 1340 1200 1403 et
1238 1353 1506 1418 operam
1552 1340 1621 1404 et
1667 1339 2018 1420 pecuniam
2062 1337 2346 1417 benigne
2389 1336 2775 1418 praebuisti.

906 1460 977 1525 L.
1028 1448 1327 1524 Salutem
1376 1459 1661 1524 multam
1707 1458 1908 1524 dicito
1954 1462 2252 1541 patrono.
2281 1458 2414 1524 CV.
2441 1457 2800 1524 Nuntiabo.
2837 1494 2906 1505 --

729 1579 858 1646 525
906 1577 980 1646 L.
1027 1566 1365 1662 Numquid
1411 1581 1537 1664 vie,
1583 1580 1785 1645 leno?
1833 1580 1970 1645 CA.
2019 1580 2196 1645 Istas
2241 1580 2460 1646 minas
2505 1579 2756 1665 decem,
2802 1580 2918 1662 qui

2278 1706 2409 1780 [me
2456 1717 2820 1785 procurem,

903 1823 1080 1888 Dum
1150 1822 1391 1888 melius
1460 1823 1553 1888 sit
1615 1823 1796 1907 mihi,
1861 1822 1994 1889 des.
2042 1822 2117 1887 L.
2165 1822 2539 1899 Dabuntur,
2585 1839 2733 1887 6166
2779 1823 2917 1902 peti

2420 1944 2686 2023 [iubeto.
2747 1980 2810 1989 —

814 2065 890 2131 In
949 2066 1055 2132 his
1114 2066 1421 2133 versibus
1466 2066 1838 2131 R11313ncx1o
1863 2062 1912 2151 ¹)
1960 2067 2318 2132 molestum
2363 2069 2472 2132 est
2517 2065 2689 2147 quod
2737 2064 2916 2147 Lyco

724 2190 794 2252 et
857 2186 1158 2254 Curculio
1211 2188 1314 2253 bis
1380 2188 1558 2253 inter
1602 2204 1675 2253 66
1721 2188 1942 2254 valere
1988 2188 2241 2254 iubent.
2287 2188 2495 2254 Putat
2541 2204 2644 2252 vs.
2694 2186 2906 2251 522—

730 2309 855 2373 524
922 2307 1129 2374 salvis
1190 2308 1459 2390 reliquis
1520 2308 1752 2375 deesse
1806 2326 2019 2390 posse.
2067 2308 2388 2391 Equidem
2435 2325 2651 2389 neque
2697 2323 2917 2390 super-

724 2446 1049 2495 vacaneos
1086 2444 1299 2510 neque
1340 2429 1658 2495 molestos
1692 2429 1838 2496 illos
1877 2447 2112 2495 versus
2149 2447 2299 2496 esse
2329 2446 2584 2495 cense0.
2627 2429 2918 2509 Roganti

725 2550 1103 2617 Curculioni
1162 2551 1341 2634 Lyco
1398 2550 1627 2616 animo
1686 2551 1905 2617 adhuc
1962 2552 2216 2617 acerbis
2277 2554 2609 2617 commoto
2670 2550 2913 2633 verbis,

724 2691 891 2757 quae
936 2672 1131 2755 paulo
1176 2675 1339 2738 ante
1384 2672 1467 2738 ad
1516 2690 1669 2738 eum
1718 2677 1880 2739 sunt
1927 2673 2122 2756 dicta,
2165 2673 2458 2740 breviter
2496 2672 2918 2754 praecisoque

724 2793 1110 2876 respondet:
1191 2794 1395 2881 „bene
1455 2794 1670 2870 vale’'‚
1733 2799 1934 2876 atque
1997 2811 2205 2876 aeque
2265 2795 2556 2861 breviter
2617 2794 2919 2862 Curculio

723 2916 970 2981 reddit:
1041 2913 1295 3001 ,‚vale”.
1361 2917 1516 2981 Mox
1578 2919 1811 2982 autem
1873 2916 2067 3000 Lyco,
2132 2921 2485 2999 postquam
2538 2917 2724 2998 prius
2770 2915 2917 2983 leno

724 3036 1183 3124 Curculionem
1229 3036 1573 3102 abiturum
1619 3037 1961 3103 revocavit
2000 3039 2254 3104 verbis:
2289 3039 2491 3124 „heus
2521 3039 2664 3120 tu’',
2692 3039 2914 3104 subito

725 3173 981 3222 memor
1038 3156 1354 3223 libertum
1418 3159 1674 3225 militis.
1714 3161 1932 3226 adhuc
1988 3177 2136 3226 esse
2193 3161 2558 3226 iubendum
2627 3162 2915 3227 salutem

723 3253 938 3344 (116616
982 3281 1281 3360 patron0‚
1330 3280 1503 3360 quod
1552 3279 1930 3359 neglectum
1974 3281 2380 3348 detrimento
2427 3281 2554 3347 sibi
2590 3299 2737 3348 esse
2773 3300 2915 3363 pos·

724 3399 835 3474 sit,
904 3402 1108 3480 atque
1175 3418 1295 3482 par
1361 3417 1510 3466 esse
1578 3402 1979 3468 existimans
2049 3404 2232 3484 prius
2301 3420 2530 3483 rogare
2589 3404 2915 3485 numquid

725 3517 907 3603 velit,
958 3523 1176 3600 rogat:
1235 3519 1659 3606 „Summane,
1707 3523 2030 3604 numquid
2087 3525 2402 3590 nunciam
2448 3542 2556 3591 me
2601 3523 2798 3590 vis?''

812 3780 914 3829 VS.
966 3762 1091 3827 527
1144 3782 1283 3847 sqq.
1348 3765 1714 3848 Postquam
1762 3766 2071 3832 abierunt
2113 3767 2441 3849 trapezita
2486 3772 2688 3850 atque
2733 3785 2914 3850 para-

722 3883 917 3960 situS‚
965 3883 1113 3950 leno
1161 3887 1323 3952 haec
1369 3903 1595 3952 secum
1644 3884 1972 3968 loquitur:

903 4004 1175 4085 Quando
1222 4007 1389 4072 bene
1434 4007 1611 4086 gessi
1658 4009 2025 4090 rem,.-.volo
2068 4009 2175 4074 hic
2220 4009 2290 4074 in
2331 4009 2484 4075 fano
2523 4007 2916 4092 supplicare.

903 4126 1074 4192 Nam
1120 4127 1303 4194 illam
1342 4128 1549 4194 minis
1590 4129 1748 4195 olim
1786 4130 2014 4196 decem
2051 4132 2341 4212 puellam
2378 4131 2720 4215 parvolam
2757 4132 2912 4215 emi,

793 4390 851 4459 1)
887 4389 919 4445 1.
956 4389 990 4445 l.
1028 4408 1077 4462 p.
1117 4391 1186 4446 84
1220 4408 1297 4464 sq.
