3450 5350
1556 610 1724 674 95-

502 790 757 857 castelli
815 791 1109 857 macella.
1174 790 1557 856 Secundum
1620 791 1910 856 Tiberim
1971 792 2055 856 ad
2099 791 2370 858 Iunium
2396 788 2437 862 †
2483 794 2701 859 forum

504 912 865 994 piscarium
912 914 1191 993 vocant;
1241 912 1384 977 ideo
1430 913 1528 977 ait
1580 910 1900 978 Plautus:

1897 1033 2102 1115 Apud
2137 1011 2519 1117 piscarium

879 1154 1001 1219 Ubi
1046 1156 1275 1219 variae
1320 1172 1449 1219 res.
2109 1241 2117 1247 .

506 1276 614 1341 Ad
675 1279 945 1369 corneta
1004 1275 1223 1340 forum
1286 1274 1630 1357 cupedinis
1700 1292 1741 1340 a
1808 1276 2081 1356 cupedio
2111 1276 2193 1359 ¹);
2268 1277 2440 1358 quod
2510 1279 2708 1344 multi

506 1399 726 1463 forum
788 1397 1119 1478 cupidinis
1180 1416 1221 1463 a
1281 1397 1669 1478 cupiditate.
1741 1398 1924 1463 Haec
1985 1400 2212 1464 omnia
2271 1403 2706 1482 posteaquam

505 1522 849 1585 contracta
886 1520 955 1585 in
1004 1538 1215 1585 unum
1260 1520 1480 1586 locum
1514 1537 1697 1609 quae
1743 1521 1827 1586 ad
1869 1521 2125 1586 victum
2162 1523 2611 1603 pertinebant,
2637 1528 2708 1589 et

505 1640 897 1706 aedificatus
954 1640 1174 1705 locus:
1230 1641 1640 1722 appellatum
1688 1640 2061 1725 macellum,
2110 1646 2192 1708 ut
2238 1644 2506 1724 quidam
2555 1645 2708 1711 scri-

505 1763 677 1827 bunt
737 1762 909 1843 quod
956 1762 1048 1827 ibi
1094 1761 1297 1827 fuerit
1343 1767 1568 1842 ortus;
1617 1763 1732 1827 alii
1779 1763 1950 1844 quod
1999 1765 2091 1830 ibi
2138 1765 2374 1831 domus
2420 1766 2624 1832 fuerit
2657 1766 2708 1849 ²)

504 1884 660 1965 quoi
708 1901 1070 1962 cognomen
1118 1884 1247 1949 fuit
1293 1882 1626 1967 macellus,
1678 1901 1846 1965 quae
1892 1885 1982 1949 ibi
2022 1885 2277 1966 publice
2315 1887 2407 1951 sit
2446 1888 2703 1952 diruta:

504 2024 540 2072 e
586 2024 719 2087 qua
763 2008 1190 2072 aedificatum
1233 2006 1357 2071 hoc
1402 2007 1573 2087 quod
1619 2010 1898 2071 vocetur
1942 2007 2028 2072 ab
2072 2024 2148 2072 eo
2194 2007 2611 2074 macellum''.

592 2130 683 2195 ad
740 2130 1024 2195 Iunium
1085 2131 1475 2209 corruptum
1536 2144 1685 2193 esse
1748 2128 1885 2192 iam
1943 2102 2058 2192 diu
2110 2129 2526 2195 intellectum
2572 2133 2700 2213 est,

503 2254 705 2332 atque
743 2250 881 2316 iam
918 2251 1149 2315 OSANN
1176 2250 1248 2333 3),
1290 2249 1356 2314 1(1
1393 2250 1569 2330 quod
1609 2265 1927 2329 magnam
1966 2249 2169 2315 habet
2210 2250 2351 2315 veri
2391 2251 2700 2332 speciem,

505 2372 753 2437 statuit
800 2375 1075 2437 tantum
1120 2372 1305 2455 apud
1334 2373 1719 2453 piscarium
1758 2388 1795 2436 e
1833 2371 2071 2437 Plauto
2109 2389 2279 2448 esse,
2318 2373 2434 2438 ubi
2472 2375 2704 2439 variae

500 2512 609 2559 res
655 2496 885 2558 autem
931 2492 1278 2557 Varronis.
1326 2492 1906 2558 verisimillimum
1945 2492 2150 2573 igitur
2187 2496 2294 2559 est
2329 2492 2702 2560 Varronem

502 2619 803 2698 spectare
851 2590 1266 2681 Curculionis
1322 2631 1617 2680 versum.
1689 2614 2063 2711 URL1oHS1o
2134 2632 2533 2697 persuasum
2594 2621 2703 2684 est

498 2737 852 2818 legendum
898 2754 1046 2804 esse
1092 2738 1221 2803 sic:
1278 2739 1533 2822 „forum
1579 2737 1935 2820 olitorium,
1985 2738 2109 2802 hoc
2153 2741 2300 2804 erat
2343 2739 2702 2821 antiquum

503 2860 874 2941 macellum,
940 2859 1054 2925 ubi
1115 2859 1367 2925 olerum
1418 2859 1606 2939 copia
1651 2864 1754 2936 (ea
1798 2859 1942 2925 loca
1998 2894 2060 2904 -
2125 2859 2428 2944 macella)
2473 2877 2702 2926 secun·

500 2982 660 3047 dum
699 2981 1008 3046 Tiberim.
1047 2981 1467 3046 Adiunctum
1505 2980 1724 3045 forum
1763 2979 2122 3061 piscarium
2165 2984 2412 3046 vocant
2451 2981 2700 3058 (besser

502 3103 889 3186 vocabant);
955 3102 1099 3167 ideo
1159 3102 1257 3166 ait
1304 3102 1587 3166 Plautus
1635 3120 1701 3167 u.
1737 3119 1791 3167 6.
1819 3101 1950 3166 w.’'
1999 3101 2182 3182 Quod
2231 3102 2328 3166 sic
2371 3103 2696 3183 explicat:

504 3225 715 3308 „nach
761 3225 877 3289 der
920 3222 1120 3288 Stadt
1165 3223 1281 3288 hin
1330 3225 1609 3302 granzte
1654 3214 1778 3287 das
1817 3223 2064 3288 Forum
2103 3223 2489 3304 piscarium,
2514 3223 2703 3288 nicht

495 3345 651 3409 hart
691 3345 827 3408 und
864 3345 1323 3421 unmittelbar‚
1363 3345 1541 3410 (161111
1581 3360 1655 3410 66
1692 3343 1816 3410 lief
1845 3345 1949 3410 die
1974 3345 2200 3410 Mauer
2223 3346 2361 3411 und
2387 3344 2703 3412 Straszen
2823 3385 2826 3390 -

496 3465 935 3542 dazwischen‚
1008 3482 1141 3531 von
1212 3467 1364 3531 dem
1424 3464 1655 3532 Platze
1714 3466 2253 3546 Aequimaelium
2313 3483 2426 3532 am
2490 3466 2700 3533 Vicus

495 3587 793 3666 iugarius
858 3588 1255 3666 abgesehen,
1324 3585 1611 3652 sondern
1682 3602 1757 3651 66
1828 3604 1972 3652 was
2038 3587 2108 3651 in
2177 3586 2292 3651 der
2359 3587 2699 3670 Richtung

495 3723 701 3787 gegen
764 3709 884 3774 das
939 3708 1187 3774 Forum
1252 3695 1660 3774 benach'bart
1664 3752 1908 3772 ......
1971 3707 2216 3772 Hinter
2262 3707 2391 3772 den
2441 3711 2701 3790 septem

498 3830 814 3896 tabernae
886 3830 1114 3896 vorbei
1180 3831 1420 3898 stiesz.
1456 3827 1597 3894 also
1660 3827 1781 3892 das
1841 3827 2090 3892 Forum
2151 3827 2511 3909 piscarium
2570 3828 2700 3893 mit

567 4099 624 4167 1)
678 4098 765 4152 Sic
814 4081 1067 4154 editiones
1078 4121 1096 4164 3
1134 4097 1353 4166 fastidio
1400 4093 1606 4150 codices
1618 4117 1637 4161 3
1670 4093 1718 4148 -J
1720 4109 1914 4148 ORDAN
1950 4093 2134 4148 Herm.
2171 4093 2249 4161 ΙΙ,
2287 4095 2352 4148 89
2397 4095 2694 4165 Cuppedine.

494 4183 777 4254 Sequentia
824 4185 925 4240 hoc
980 4183 1134 4238 modo
1171 4183 1345 4254 explet
1380 4181 1667 4236 Unmcns:
1708 4198 1849 4249 quem
1883 4181 2105 4238 multi<⁸
2140 4181 2417 4234 latrociniis
2452 4183 2695 4251 infamem

492 4272 777 4325 damnatum
814 4289 923 4325 esse
957 4272 1183 4336 tradunt,
1220 4271 1362 4328 alii>
1397 4269 1580 4337 sorum
1616 4266 1866 4334 cupidinis
1900 4283 1935 4318 a
1971 4266 2260 4334 eupiditate.

564 4358 621 4426 2)
663 4355 908 4412 Unmcns
946 4356 1033 4413 hic
1066 4356 1252 4412 inserit
1294 4354 1487 4418 Maeuii,
1525 4349 1562 4405 J
1564 4366 1758 4406 onum
1783 4352 2018 4408 *hominia

562 4444 619 4512 3)
659 4442 811 4497 Auel.
849 4443 967 4498 crit.
1004 4461 1055 4515 p.
1093 4443 1214 4497 186.
