3450 5350
1551 599 1675 663 117

572 782 794 872 capt.
848 783 969 849 561
1030 799 1207 864 sqq.:

690 904 777 969 H.
842 903 940 968 At
1002 903 1210 969 etiam
1271 906 1341 968 te
1401 919 1596 969 suom
1642 900 1936 969 sodalem
1986 918 2136 969 esse
2181 904 2382 970 aibat.
2433 905 2505 969 Τ.
2556 906 2710 972 Hau

2174 1024 2334 1103 [vidi
2381 1026 2619 1105 magis.

685 1130 773 1211 Et
812 1146 1080 1228 quidem
1117 1145 1477 1215 Alcumeus
1497 1149 1701 1227 atque
1725 1146 1995 1211 Orestes
2017 1149 2088 1212 et
2110 1145 2458 1229 Lycurgus
2482 1152 2711 1228 postea

692 1268 845 1333 Una
892 1285 1090 1349 opera
1135 1268 1301 1334 mihi
1350 1272 1514 1334 sunt
1562 1267 1821 1334 sodales
1867 1285 2000 1349 qua
2044 1267 2196 1333 iste.

600 1389 728 1455 Hic
796 1390 1121 1456 habemus
1189 1389 1679 1472 copulationem
1757 1392 1815 1453 et
1875 1426 1958 1437 -
2024 1392 2120 1455 et:
2189 1391 2273 1454 et
2343 1389 2710 1455 Alcumeus

513 1511 911 1591 orestesque
971 1513 1054 1576 et
1114 1510 1478 1593 Lycurgus.
1537 1510 1902 1577 Alcumeus
1947 1513 2019 1576 et
2064 1510 2333 1575 Orestes
2375 1513 2521 1575 arte
2568 1510 2712 1575 iun·'

514 1635 785 1713 guntur,
833 1631 1077 1713 quippe
1122 1633 1235 1714 qui
1280 1633 1477 1698 ambo
1524 1632 1665 1697 sint
1713 1632 2118 1698 matricidae.

600 1754 851 1819 Eodem
898 1754 1093 1819 modo
1139 1757 1197 1819 et
1244 1754 1709 1836 explicandum
1757 1758 1865 1821 est
1909 1754 2098 1835 Capt.
2153 1752 2302 1821 574.

601 1877 802 1942 Unus
864 1879 1141 1942 tantum
1192 1879 1299 1943 est
1346 1890 1604 1953 versus,
1652 1877 1788 1959 ubi,
1841 1876 1900 1942 si
1943 1879 2121 1942 recte
2167 1875 2461 1941 traditus
2505 1879 2708 1954 esset,

510 2002 569 2064 et
616 1999 1021 2081 significaret
1066 2000 1303 2064 etiam:
1348 2000 1518 2064 Men.
1578 1998 1785 2064 1133:

693 2122 746 2187 O
792 2121 995 2197 salve,
1044 2122 1385 2203 insperate
1429 2120 1663 2187 multis
1708 2120 1910 2187 annis
1946 2125 2099 2202 post
2122 2136 2323 2201 quem
2345 2119 2706 2202 conspicor.

690 2240 755 2307 S.
804 2242 1060 2318 Frater,
1105 2245 1177 2308 et
1222 2246 1321 2308 tu.

601 2364 954 2445 Nusquam
1008 2364 1184 2440 alibi,
1247 2363 1462 2445 quoad
1508 2364 1662 2453 scio,
1712 2363 2065 2429 vocativus
2112 2362 2444 2444 praecedit
2488 2365 2546 2427 et
2591 2365 2662 2427 tu
2677 2385 2705 2443 ;

511 2500 643 2550 non
690 2500 843 2564 ergo
887 2484 1120 2550 dubito
1169 2488 1606 2567 transponere
1651 2487 1711 2549 et
1755 2487 1850 2565 tu,
1898 2484 2140 2566 frater.

600 2605 783 2673 Satis
843 2606 1341 2672 demonstrasse
1393 2606 1559 2672 mihi
1605 2606 1832 2672 videor
1879 2604 2198 2671 Plautum
2244 2607 2303 2669 et
2347 2621 2482 2669 non
2527 2604 2702 2670 adhi-

504 2730 655 2794 bere
717 2745 835 2808 pro
895 2729 1113 2794 ctiam.
1180 2729 1327 2795 Iam
1390 2729 1583 2794 redeo
1642 2728 1725 2793 ad
1791 2727 2272 2793 Curculionem.
2320 2727 2418 2792 Ne
2465 2726 2703 2792 onmt

504 2849 770 2931 quidem
815 2852 875 2914 ct
919 2849 1187 2931 quidem
1235 2851 1509 2931 probare
1555 2867 1851 2932 possum.
1893 2848 2043 2944 Non
2079 2848 2260 2914 enim
2297 2847 2438 2914 fieri
2476 2850 2701 2929 potest

502 2973 581 3035 ut
644 2970 947 3037 Curculio
1005 2969 1311 3038 lenonem
1371 2971 1548 3036 idem
1612 2974 2031 3036 commoneat
2092 2970 2266 3051 quod
2320 2970 2517 3053 Lyce,
2569 2971 2701 3035 nisi

502 3091 704 3158 addat
759 3093 987 3157 itidem
1048 3091 1155 3158 vel
1213 3110 1464 3173 qnoque
1518 3093 1625 3159 vel
1691 3092 2016 3157 eiusmodi
2087 3091 2350 3172 aliquid,
2403 3094 2480 3156 ut
2521 3095 2700 3157 recte

502 3214 676 3279 vidit
735 3214 1023 3279 Ussme:
1086 3218 1209 3280 aut
1269 3213 1568 3280 addenda
1611 3218 1717 3279 est
1766 3213 1923 3279 talis
1969 3230 2104 3278 vox
2150 3216 2272 3278 aut
2316 3211 2494 3278 aliud
2539 3212 2698 3292 quid

505 3335 879 3401 Curculioni
940 3334 1290 3401 dicendum
1350 3339 1457 3401 est
1516 3353 1715 3416 quam
1783 3333 2052 3419 Lyconi.
2124 3336 2337 3416 Quare
2406 3335 2699 3415 primum

503 3459 947 3539 compositum
1030 3476 1112 3523 co
1130 3475 1198 3523 m
1215 3460 1595 3524 meminisse
1676 3458 2085 3524 servandum
2159 3475 2308 3523 esse
2376 3458 2692 3524 arbitror:

502 3578 681 3661 Lyco
726 3578 901 3644 dixit
939 3581 1255 3644 memento
1268 3602 1294 3659 ;
1343 3578 1647 3645 Curculio
1682 3577 1929 3659 aliquid
1969 3578 2127 3644 dicit
2166 3577 2338 3659 quod
2375 3579 2697 3645 maiorem

502 3699 710 3764 etiam
754 3701 899 3764 vim
943 3700 1291 3782 maiusque
1335 3699 1593 3780 pondus
1640 3701 1917 3766 habeat:
1959 3699 2110 3764 vult
2145 3698 2452 3765 lenonem
2495 3717 2697 3766 com·

502 3821 892 3887 meminisse
951 3821 991 3885 i.
1043 3838 1099 3885 e.
1152 3823 1338 3888 ‘bene
1388 3823 1798 3888 meminisse’
1844 3838 2014 3903 quae
2056 3821 2248 3886 dixit.
2296 3820 2478 3902 Quod
2524 3820 2694 3897 leno,

500 3942 810 4024 quamvis
873 3942 1178 4008 Curculio
1236 3943 1483 4009 dixerit
1535 3945 2121 4019 commeminisse,
2169 3944 2526 4023 respondet
2570 3961 2691 4007 me-

498 4065 689 4144 mini,
737 4064 859 4129 hoc
902 4067 973 4128 et
1018 4063 1168 4129 aliis
1211 4062 1371 4131 locis
1417 4065 1796 4130 defenditur
1828 4069 1897 4129 et
1921 4064 2119 4129 Poen.
2149 4065 2276 4129 726
2317 4082 2450 4145 sq.;
2491 4067 2692 4145 atque

498 4186 775 4250 memini
853 4185 1288 4251 confirmatur
1369 4186 1453 4251 ad
1526 4187 1946 4251 commemini
2009 4187 2219 4252 etiam
2285 4185 2466 4250 Pers.
2541 4187 2689 4251 176.

496 4305 748 4372 Deinde
807 4307 925 4372 tibi
982 4307 1203 4373 insero
1264 4310 1417 4387 post
1478 4308 1638 4373 dico.
1700 4307 1878 4373 Dicit
1929 4307 2078 4373 leno
2123 4306 2206 4372 ad
2252 4307 2684 4388 trapezitam:

386 4493 403 4512 ,
505 4429 930 4516 „meminero‚
989 4429 1071 4494 de
1122 4428 1291 4495 istoc
1338 4430 1607 4511 quietus
1651 4429 1865 4512 esto'’,
1912 4432 2064 4495 tum
2110 4443 2183 4494 se
2227 4429 2562 4494 convertit
2605 4428 2688 4494 ad
