3450 5350
1507 568 1637 634 143

327 729 331 733 ’
397 796 401 799 »
461 751 719 818 alienus
784 755 907 817 est.
973 751 1309 832 Quomodo
1370 752 1551 817 enim
1614 753 1687 824 is,
1758 753 1870 833 qui
1935 769 2065 817 non
2129 752 2391 832 ignorat
2451 767 2665 815 unum

464 873 929 939 Curculionem
987 873 1059 937 in
1118 874 1311 953 culpa
1368 889 1515 937 esse
1560 876 1689 951 (vs.
1741 872 1920 952 583),
1971 873 2271 938 minitari
2319 874 2545 953 potest
2591 888 2665 936 se

462 995 959 1076 quadruplicem
1020 994 1372 1075 pecuniam
1426 994 1808 1059 ablaturum
1855 1012 2004 1060 esse
2048 1012 2089 1060 a
2135 993 2664 1059 Phaedromo

461 1120 546 1182 et
612 1118 970 1183 lenone?
1045 1118 1225 1183 Leno
1292 1116 1711 1197 promiserat,
1781 1116 1842 1181 31
1910 1117 2262 1197 quisquam
2331 1116 2664 1195 virginem

460 1238 712 1303 liberali
772 1256 976 1303 causa
1037 1256 1242 1303 manu
1300 1240 1649 1319 assereret,
1698 1237 1872 1317 quod
1917 1254 2096 1301 nunc
2140 1236 2302 1301 facit
2349 1236 2666 1301 Phaedro·

392 1334 397 1339 *
464 1377 641 1436 mue,
688 1376 762 1425 se
806 1346 1003 1425 omne
1048 1362 1423 1441 argentum,
1467 1360 1687 1425 minas
1724 1358 2026 1439 triginta,
2065 1358 2483 1423 redditurum
2521 1374 2668 1423 esse

465 1483 595 1566 (vs.
660 1483 839 1565 490).
898 1482 1098 1547 Patet
1158 1480 1365 1560 igitur
1413 1480 1696 1545 militem
1743 1498 1877 1545 non
1924 1498 1965 1561 q
1992 1479 2291 1544 uadru
2317 1479 2666 1560 plioem

460 1604 812 1684 pecuniam
851 1602 1187 1685 postulare
1223 1619 1436 1683 posse,
1478 1602 1872 1682 neutiquam
1910 1603 2141 1666 autem
2173 1618 2214 1664 a
2239 1600 2666 1665 Phaedromo.

462 1725 595 1790 Cur
657 1729 911 1801 autem,
972 1725 1032 1790 31
1079 1726 1283 1789 verba
1330 1722 1565 1789 militis
1610 1726 1860 1795 essent,
1911 1722 2342 1803 potissimum
2387 1722 2668 1801 quadru-

458 1845 613 1928 plex
681 1848 961 1941 pecunia
1029 1847 1531 1928 postularetur?
1601 1845 1878 1909 Accedit
1947 1844 2120 1926 quod
2189 1844 2380 1910 miles
2447 1844 2662 1915 dicere

461 1969 779 2035 debebat:
862 1967 1263 2055 ,‚repetam”‚
1363 1986 1529 2033 non·
1575 1967 1978 2053 „auferam”
2057 1966 2490 2031 Manifestum
2556 1967 2663 2030 est

459 2090 703 2156 iniuria
761 2091 1137 2157 Ussmemu
1198 2106 1439 2169 negare
1500 2090 1607 2154 1113
1636 2154 1642 2159 ,
1668 2090 2082 2155 mentionem
2142 2089 2285 2154 fieri
2341 2088 2656 2153 actionis:

405 2304 410 2308 .
467 2213 889 2299 „actionum”
952 2214 1049 2279 ait
1108 2211 1330 2295 „nulla
1375 2212 1646 2277 omnino
1691 2211 1948 2277 mentio
1995 2214 2120 2275 est.
2168 2210 2356 2275 Miles
2400 2210 2542 2290 ipse
2591 2226 2663 2274 se

459 2337 663 2412 negat
709 2334 780 2399 in
827 2335 935 2400 ius
980 2335 1238 2399 iturum
1283 2350 1431 2400 esse
1479 2350 1580 2398 vs.
1630 2334 1785 2413 621,
1833 2330 2266 2407 nec.iudic10‚
2312 2331 2426 2396 sed
2475 2330 2544 2395 vi
2592 2332 2664 2394 et

458 2456 668 2520 armis
734 2456 1232 2538 quadruplicem
1300 2456 1645 2537 pecuniam
1716 2472 1789 2519 se
1849 2453 2233 2519 ablaturum
2296 2451 2661 2517 minatur.”

458 2576 672 2657 Atqui
709 2577 1161 2643 Phaedromus
1207 2578 1267 2642 is
1304 2580 1430 2653 est,
1462 2576 1577 2657 qui
1623 2575 1958 2640 actionem
1983 2575 2276 2640 intendit
2295 2596 2310 2655 ;
2338 2574 2446 2638 hic
2468 2573 2661 2653 virgi·
2751 2563 2756 2567 ’

458 2714 614 2763 nem
663 2699 733 2763 in
780 2700 1164 2764 libertatem
1207 2699 1523 2764 vindicat.
1567 2697 1742 2763 Huic
1779 2697 2174 2762 tribuendus
2210 2699 2318 2761 est
2352 2713 2456 2760 vs.
2506 2693 2658 2774 619,

460 2819 574 2899 qui
640 2823 786 2884 arte
854 2824 964 2886 est
1031 2820 1406 2898 iungendus
1474 2837 1629 2884 cum
1710 2835 1811 2882 vs.
1885 2817 2036 2882 620.
2111 2817 2206 2882 Cf.
2279 2816 2654 2881 Dimisimus:

466 2941 711 3026 „sehon
756 2943 917 3006 dasz
966 2942 1069 3007 die
1117 2941 1421 3023 ‘pecunia
1465 2938 1897 3020 quadruplex’
1947 2938 2082 3003 und
2130 2938 2249 3003 das
2298 2937 2450 3004 ‘scis
2494 2955 2658 3003 mer·

458 3061 593 3126 cari
637 3061 952 3127 furtivas’
1007 3063 1077 3127 in
1127 3061 1298 3127 zwei
1344 3061 1467 3126 auf
1506 3061 1824 3125 einander
1870 3059 2216 3139 folgenden
2263 3059 2484 3125 Zeilen
2531 3059 2661 3124 bei-

458 3199 767 3248 sammen
828 3183 1086 3259 stehen,
1147 3182 1284 3262 legt
1345 3200 1419 3248 es
1467 3182 1641 3247 nahe
1699 3181 1770 3245 in
1832 3181 1949 3246 der
1995 3181 2283 3246 zweiten
2331 3181 2509 3246 Zeile
2555 3181 2660 3246 die

456 3303 908 3385 Begrundung
979 3304 1094 3369 der
1164 3307 1391 3369 ersten
1454 3321 1539 3367 zu
1604 3301 1921 3366 suchen”.
1979 3301 2163 3382 Quod
2231 3319 2329 3366 vs.
2396 3301 2527 3366 620
2589 3301 2659 3365 13

455 3424 863 3492 editionibus
919 3425 1221 3504 iungitur
1282 3441 1437 3488 cum
1498 3423 1772 3487 ambula
1819 3424 1894 3487 in
1940 3423 2051 3487 ius
2098 3440 2336 3488 versus
2383 3439 2663 3503 sequen-

457 3545 566 3627 tis,
608 3547 964 3612 admodum
1010 3545 1400 3626 languidum
1449 3545 1615 3610 mihi
1662 3544 1948 3609 videtur.
1987 3543 2242 3608 Iniuria
2280 3561 2435 3609 vero
2476 3546 2655 3610 viros

458 3667 685 3733 doctos
722 3668 1007 3733 arbitror
1043 3667 1497 3733 coniecturam
1536 3665 1641 3730 ΡΠ
1680 3681 1831 3730 3333
1867 3665 2230 3748 3133131133,
2259 3665 2373 3745 qui
2399 3682 2496 3730 vs.
2523 3666 2656 3730 620

459 3805 575 3868 pro
629 3789 930 3853 codicum
986 3791 1149 3852 scies
1210 3788 1480 3868 scripsit
1541 3788 1691 3850 scis.
1756 3786 1937 3866 Quod
1997 3788 2226 3851 exstat
2271 3786 2344 3849 in
2391 3786 2446 3848 B
2491 3791 2654 3851 ante

456 3911 929 3976 correctionem
984 3913 1178 3985 seiae,
1243 3926 1479 3975 verum
1538 3924 1687 3973 esse
1734 3910 1915 3988 put0‚
1963 3908 2061 3972 ita
2107 3909 2188 3972 ut
2233 3907 2411 3972 dicat
2457 3907 2657 3973 Phae-

454 4033 761 4097 dromus:

635 4153 847 4233 Quam
903 4171 1022 4234 ego
1069 4153 1424 4234 pecuniam
1468 4150 1966 4232 quadruplicem
2011 4151 2131 4214 abs
2176 4152 2247 4214 te
2304 4153 2373 4214 et
2417 4150 2651 4216 lenone

2213 4270 2557 4354 [auferam‚

630 4397 753 4476 Qui
800 4398 974 4460 scias
1022 4395 1297 4460 mercari
1345 4394 1636 4458 furtivas
1682 4395 1886 4473 atque
1925 4391 2254 4469 ingenuas
2288 4391 2600 4469 virgines.
