3450 5350
1522 589 1643 652 161

484 770 681 836 oredo
712 770 880 836 tibi”
920 770 1244 837 adversus
1291 770 1566 835 affinem
1612 770 1674 835 ei
1721 768 2039 835 videntur
2086 784 2234 834 esse
2281 784 2414 833 non
2458 767 2675 833 solum

483 890 707 956 ieiuna
750 893 823 955 et
857 891 1190 973 languida,
1230 890 1346 955 sed
1376 905 1585 970 paene
1616 888 2006 973 inhumana,
2033 892 2266 955 contra
2301 890 2676 972 aptissima,

485 1011 545 1076 si
591 1028 811 1077 sermo
856 1012 938 1077 fit
981 1028 1137 1077 eum
1182 1010 1450 1076 homine
1495 1026 1692 1087 vane,
1739 1010 1952 1090 qualis
1989 1013 2098 1076 est
2137 1008 2461 1076 Curculio.
2502 1010 2676 1089 Ergo

484 1134 589 1199 vir
632 1134 871 1199 doctus
914 1133 1011 1199 sic
1055 1132 1372 1198 Plautum
1421 1131 1767 1214 scripsisse
1813 1132 2210 1198 arbitratur:

664 1255 799 1322 CV.
849 1255 959 1319 Me
991 1255 1134 1336 ipso
1171 1257 1525 1335 praesente
1560 1255 1633 1319 et
1662 1252 1930 1336 Lycone
1969 1251 2322 1334 tarpezita.
2363 1250 2501 1317 CA.
2525 1248 2675 1316 Non

2335 1372 2590 1451 stanes?

669 1500 806 1567 CV.
854 1499 1001 1566 Non
1048 1501 1259 1565 taceo.
1306 1497 1445 1564 CA.
1470 1498 1619 1564 Non
1648 1513 1772 1578 ego
1790 1499 1862 1563 te
1885 1496 2070 1562 flocci
2092 1496 2279 1562 facio.
2329 1494 2470 1561 PH.
2496 1493 2679 1559 Satis

2180 1616 2401 1695 [credo
2445 1615 2592 1680 tibi.

580 1742 1013 1824 Nequaquam
1059 1758 1211 1807 cum
1258 1756 1335 1806 eo
1380 1740 1587 1821 facim
1634 1757 1795 1805 nam
1839 1740 2012 1821 quod
2059 1755 2262 1804 sensu
2309 1755 2578 1803 cassum
2617 1737 2679 1803 ei

487 1865 755 1931 videtur
829 1864 1005 1945 quod
1074 1863 1263 1929 miles
1329 1862 1399 1927 in
1470 1878 1595 1927 sua
1662 1861 1875 1942 ipsius
1943 1878 2144 1926 causa
2211 1859 2678 1934 testimonium

487 1986 669 2070 dicit,
718 1978 1115 2066 respondeo:
1164 2002 1297 2050 non
1342 1984 1565 2063 agitur
1610 1984 1689 2049 de
1736 1982 2123 2078 testimonio
2167 1981 2474 2057 iudiciali,
2515 1981 2678 2047 nihil

488 2109 665 2174 aliud
724 2109 805 2173 fit
862 2125 1065 2189 quam
1126 2110 1209 2173 ut
1260 2106 1453 2173 miles
1497 2106 1761 2186 roganti
1805 2106 2047 2187 lenoni,
2093 2104 2244 2186 quis
2291 2105 2362 2169 in
2406 2104 2676 2185 promit·

488 2230 690 2295 tendo
749 2229 1037 2305 affuerit,
1095 2228 1491 2309 respondeat
1552 2244 1624 2293 se
1682 2228 1831 2308 ipso
1888 2230 2238 2307 praesente
2299 2229 2370 2291 et
2414 2226 2678 2308 Lycone

490 2350 743 2416 factum
803 2367 973 2416 esse.
1035 2350 1253 2415 Facile
1295 2350 1437 2415 fieri
1483 2349 1725 2431 potuit,
1775 2352 1858 2414 ut
1900 2348 2091 2414 miles
2137 2347 2282 2412 aliis
2330 2347 2676 2413 mandaret

487 2473 791 2539 lenonem
846 2474 927 2538 ad
978 2472 1382 2554 promissum
1431 2472 1858 2551 adigendum,
1903 2488 2039 2536 non
2083 2471 2226 2551 ipse
2271 2470 2676 2551 promissum

490 2597 574 2661 ab
618 2612 695 2660 eo
733 2595 1094 2677 acciperet3
1135 2611 1316 2659 nuno
1354 2596 1584 2659 autem
1621 2594 1809 2675 ipse
1847 2592 2060 2658 affuit.
2087 2591 2314 2673 Atque
2338 2592 2496 2673 quid
2517 2590 2678 2656 illud

488 2718 631 2800 ipse
690 2717 1093 2796 significaret
1150 2715 1223 2780 in
1283 2731 1393 2782 ore
1456 2715 1870 2781 Curculionis
1886 2716 1922 2779 ‘2
1985 2714 2212 2796 Neque
2257 2715 2470 2794 magis
2517 2713 2680 2778 mihi

489 2838 597 2904 hio
633 2837 893 2920 probari
938 2837 1455 2918 dittographiam
1478 2838 2002 2906 RIBBEOKIANAM
2037 2836 2276 2902 statim
2314 2835 2678 2916 apparebit.

582 2958 765 3040 Quod
810 2959 893 3024 ad
934 2957 1059 3024 loci
1105 2974 1537 3038 personarum
1582 2957 2124 3023 distributionem
2160 2956 2432 3032 attinet,
2465 2972 2679 3020 unum

492 3081 875 3146 Ussmenm
918 3097 1157 3145 verum
1204 3080 1515 3161 praebere
1560 3083 1744 3160 puto,
1793 3079 2104 3161 quamvis
2141 3079 2440 3144 ansnox
2478 3077 2678 3142 huius

491 3202 823 3267 rationem
882 3217 1092 3286 „ganz
1146 3199 1473 3267 verfehlt'’
1536 3205 1750 3266 vocet.
1812 3201 2066 3267 Ussmo
2131 3200 2314 3266 enim
2359 3216 2464 3265 vs.
2513 3199 2681 3262 712:
2749 3264 2758 3270 ,

502 3338 647 3408 „me
707 3322 853 3404 ipso
912 3325 1265 3402 praesente
1328 3325 1400 3386 et
1465 3322 1736 3405 Lycone
1793 3323 2142 3404 tarpezita,
2204 3339 2338 3387 non
2399 3323 2588 3386 taces
2603 3318 2686 3385 ‘P'

424 3526 427 3528 v
495 3445 719 3508 totum
763 3443 877 3508 dat
917 3441 1139 3508 lenoni
1176 3445 1381 3524 atque
1418 3443 1621 3509 militi
1658 3445 1886 3509 totum
1927 3459 2030 3508 vs
2059 3443 2218 3510 713:
2271 3459 2440 3528 „non
2464 3445 2650 3507 taceo
2666 3462 2684 3523 ;

497 3581 631 3630 non
692 3581 815 3654 ego
870 3567 942 3630 te
1001 3564 1184 3630 flocci
1228 3563 1396 3630 facio
1414 3585 1433 3646 ;
1479 3582 1565 3630 ne
1607 3581 1717 3630 me
1765 3565 2102 3631 territes’'.
2145 3563 2333 3630 Miles
2377 3564 2684 3629 lenonem

498 3691 717 3752 tacere
777 3686 984 3768 iubet,
1042 3687 1204 3752 nihil
1249 3687 1387 3752 iam
1432 3704 1517 3753 ex
1562 3687 1671 3754 illo
1717 3688 1947 3754 audire
1993 3687 2210 3768 cupit;
2260 3703 2419 3752 nam
2467 3685 2688 3766 dispu-

497 3809 628 3874 tari
688 3825 843 3874 oum
903 3825 979 3874 eo
1037 3825 1171 3874 non
1230 3813 1478 3892 potest,
1524 3827 1679 3875 oum
1724 3811 1950 3876 omnia
1995 3811 2216 3888 neget.
2262 3807 2444 3889 Quod
2487 3807 2690 3873 obicit

497 3931 833 3996 Rmsnon:
878 3945 1087 4016 „ganz
1132 3931 1419 3996 versehlt
1462 3933 1556 3997 ist
1585 3932 1897 4014 Ussing's
1922 3930 2383 4010 Vertheilung‚
2405 3929 2682 3996 wonach

497 4071 564 4117 v.
612 4053 739 4120 712
786 4051 939 4118 dem
995 4053 1630 4136 Therapontigonus,
1683 4073 1749 4119 v.
1801 4055 1929 4122 713
1975 4071 2144 4134 ganz
2190 4053 2341 4119 dem
2386 4050 2686 4134 Kuppler

496 4173 915 4253 zugewiesen
976 4173 1167 4250 wird‚
1226 4174 1327 4240 als
1388 4176 1471 4241 ob
1528 4177 1804 4241 letztrer
1861 4179 2078 4242 etwas
2139 4174 2501 4256 behauptet
2547 4173 2684 4238 und

498 4297 638 4362 sich.
691 4294 881 4360 nieht
924 4295 1187 4360 einfach
1230 4295 1352 4362 auf
1387 4296 1704 4377 Leugnen
1751 4297 1968 4378 gelegt
2014 4296 2270 4378 hatte”‚
2319 4313 2452 4362 non
2473 4294 2686 4360 ¹intel·

494 4415 644 4496 ligo,
708 4417 818 4480 An
880 4416 1056 4498 quod
1116 4416 1265 4483 leno
1326 4417 1489 4483 nulli
1548 4418 1659 4484 alii
1719 4419 1814 4484 rei
1877 4419 2108 4484 studet
2151 4435 2353 4499 quam
2399 4415 2683 4495 negandi

2405 4534 2470 4588 11
