3450 5350
1299 1495 1672 1580 CAPUT
1742 1497 1895 1580 [II.

1453 1743 1745 1750 *—

839 1935 942 2002 De
989 1937 1323 2005 vocabulo
1371 1937 1704 2007 Plautino
1753 1957 1817 2020 q.
1867 1956 1928 2005 e.
1978 1939 2352 2008 dierectus.

593 2124 837 2188 Restat
903 2141 1100 2201 nunc,
1166 2128 1244 2190 ut
1304 2125 1621 2192 nonnulla
1674 2127 1755 2191 de
1802 2126 1972 2191 mira
2015 2126 2125 2191 illa
2171 2142 2332 2191 voce
2376 2126 2701 2190 dierectus

501 2245 572 2309 in
627 2243 920 2309 medium
965 2245 1316 2325 proferam,
1362 2247 1470 2311 cui
1516 2247 1890 2328 quaestioni
1934 2249 2156 2311 totum
2204 2246 2326 2311 hoc
2373 2246 2695 2311 inserviet

504 2371 724 2446 caput.
788 2366 939 2432 Vox
1000 2383 1153 2447 ergo
1209 2368 1320 2433 illa
1366 2369 1438 2432 in
1483 2369 1702 2434 Plauti
1750 2369 2044 2433 textibus
2067 2368 2408 2433 ·tredecim
2452 2368 2695 2447 legitur

503 2487 680 2555 locis.
754 2486 1030 2554 Veteres
1097 2491 1517 2569 grammatici
1578 2491 1881 2556 vocabuli
1940 2491 2258 2569 originem
2324 2509 2364 2556 a
2424 2491 2566 2556 dies
2626 2494 2695 2555 et

506 2612 756 2692 eriyere
817 2612 1224 2691 repetebant.
1279 2611 1470 2679 Fnsr.
1525 2631 1588 2695 p.
1639 2613 1760 2679 69:
1815 2612 2182 2699 „dierectus
2227 2605 2538 2679 dicebant
2578 2629 2694 2695 per

505 2733 942 2815 antiphrasin,
995 2733 1293 2799 volentes
1337 2734 1706 2813 significare
1754 2736 2009 2800 malum
2056 2734 2311 2815 diem'';
2354 2735 2521 2800 Non.
2568 2736 2687 2798 49:

508 2853 819 2947 „dierecti
878 2853 1039 2919 dicti
1100 2855 1279 2921 cruci
1339 2856 1476 2933 fixi,
1537 2858 1732 2937 quasi
1792 2858 1875 2921 ad
1938 2856 2115 2922 diem
2174 2855 2445 2922 erecti.’'
2515 2856 2693 2937 Quae

500 2976 732 3056 etyma
796 2975 1146 3056 nugatoria
1207 2994 1356 3042 esse
1414 2978 1648 3043 elucet.
1714 2978 1862 3043 Non
1925 2995 2082 3043 vero
2147 2977 2358 3057 magis
2417 2979 2692 3057 probare

499 3111 770 3175 possum
833 3113 1062 3161 eorum
1125 3098 1419 3164 virorum
1483 3099 1826 3165 doctorum
1891 3099 2284 3181 opinionem,
2334 3098 2448 3180 qui
2505 3116 2689 3165 voca-

500 3218 728 3282 bulum
791 3218 1114 3297 originem
1176 3220 1468 3285 traxisse
1528 3224 1775 3302 putant
1818 3239 1859 3286 a
1902 3221 2226 3301 particula
2271 3220 2693 3301 inseparabili

497 3339 605 3404 dis
651 3343 722 3403 et
769 3340 968 3404 verbo
1013 3341 1314 3421 eriyendi
1333 3360 1346 3403 ε
1389 3360 1445 3407 e.
1473 3358 1534 3421 g.
1576 3343 1753 3407 Bmx
1776 3343 1858 3407 ad
1894 3343 2071 3407 Trin.
2101 3343 2228 3408 457
2257 3340 2457 3407 habet
2497 3343 2687 3407 haec:

505 3461 864 3545 „dierectus
926 3466 1081 3539 (nur
1143 3462 1248 3527 bei
1306 3461 1430 3541 Pl.)
1477 3480 1540 3527 v.
1589 3464 1664 3528 di
1707 3465 1842 3528 und
1892 3466 2164 3545 erigere,
2209 3464 2383 3529 also:
2434 3466 2688 3529 ausein·

496 3581 700 3646 ander
763 3583 1145 3667 (gespannt)
1202 3580 1270 3648 in
1334 3584 1437 3649 die
1483 3586 1672 3650 Hohe
1718 3586 2066 3666 gerichtet‚
2118 3586 2284 3650 wird
2330 3586 2510 3664 eigtl.
2558 3604 2689 3651 von

499 3701 790 3768 Sklaven
851 3708 1104 3784 gesagt‚
1161 3704 1266 3769 die
1311 3723 1398 3770 an
1447 3706 1575 3771 den
1623 3706 1876 3785 Galgen
1926 3706 2203 3789 (Kreuz)
2252 3706 2690 3785 ausgerichtet
2812 3736 2817 3740 ·

497 3824 632 3888 und
699 3842 786 3889 an
857 3826 978 3889 den
1053 3825 1357 3893 Gliedern
1423 3808 2149 3907 auseinandergerenkt
2209 3829 2486 3895 wurden
2494 3875 2686 3893 .....

499 3944 663 4009 Dem
712 3945 1035 4011 dierectus
1081 3947 1266 4013 steht
1311 3949 1426 4014 der
1469 3950 1765 4031 furcifer
1812 3950 2005 4025 nahe,
2042 3951 2246 4015 daher
2290 3952 2382 4015 ist
2419 3951 2691 4015 dierecte

498 4066 599 4130 ire
659 4066 961 4132 ziemlich
1024 4086 1076 4133 s.
1129 4087 1192 4133 v.
1242 4087 1300 4133 a.
1363 4073 1438 4135 iu
1500 4072 1748 4136 ‘matam
1811 4089 2071 4136 crucem
2126 4074 2243 4154 ire,
2291 4072 2513 4136 indem
2562 4072 2690 4137 wie

500 4186 570 4251 in
631 4204 942 4255 unserem
1009 4191 1151 4269 ‘geh
1207 4209 1362 4256 zum
1410 4192 1702 4257 Henker'
1751 4212 1816 4258 u.
1867 4212 1925 4259 a.
1956 4186 2089 4259 ‘der
2137 4192 2305 4259 volle
2351 4193 2690 4259 wortliche

499 4306 665 4374 Sinn
715 4310 1128 4387 zuriicktrat,
1179 4330 1252 4378 so
1290 4314 1445 4379 dass
1489 4315 1815 4380 dierectus
1860 4315 2026 4380 auch
2074 4332 2206 4381 von
2248 4315 2517 4391 lembu3‚
2557 4332 2685 4397 cor,

498 4430 628 4496 lieu
691 4435 926 4512 gesagt
990 4432 1282 4499 wurde.”
1343 4435 1591 4501 Eadem
1650 4436 1786 4501 fere
1842 4436 2157 4516 leguntur
2216 4437 2392 4518 apud
2438 4436 2687 4503 Lemm-
