3450 5350
1519 597 1602 658 33

555 795 657 842 vs.
710 779 840 843 273
889 796 1029 859 sqq.
1088 778 1425 843 Lenonem
1471 779 1839 845 abeuntem
1884 783 1964 844 ut
2004 798 2236 862 pacem
2282 782 2367 846 ab
2414 782 2657 847 Aescu·

463 900 638 981 lapio
684 903 891 980 petat,
942 901 1110 964 bono
1154 899 1276 966 hoc
1320 901 1747 982 prosequitur
1792 902 2013 967 omine
2059 919 2345 984 coquus:

1469 1023 1647 1103 Quae
1693 1039 1802 1088 res
1846 1024 2017 1089 male
2065 1027 2291 1090 vortat
2338 1025 2479 1091 tibi.
2524 1093 2527 1098 ,

559 1143 736 1224 Quae
799 1147 948 1207 tum
1009 1146 1402 1224 sequuntur,
1466 1146 1562 1210 sic
1621 1145 1943 1225 praebent
2001 1145 2150 1210 libri
2197 1146 2363 1229 (tres
2412 1147 2663 1227 priores

455 1283 704 1332 versus
749 1283 954 1346 coquo
997 1267 1540 1346 continuantur):

644 1373 770 1452 Pro
817 1386 882 1450 di
928 1387 1360 1464 immortaleS‚
1410 1405 1612 1470 quem
1657 1389 2047 1469 conspicio?
2089 1390 2240 1472 quis
2286 1390 2414 1456 illic
2461 1391 2617 1456 est?

467 1507 600 1574 275
645 1487 856 1574 Estne
902 1508 1010 1573 hic
1055 1511 1394 1590 parasitus
1440 1511 1554 1592 qui
1600 1512 1889 1602 missust
1936 1513 2006 1578 in
2053 1512 2367 1578 Cariam?

647 1631 836 1695 Heus
881 1630 1306 1712 Phaedrome,
1355 1633 1484 1713 exi,
1534 1633 1662 1713 exi,
1713 1633 1841 1714 exi,
1890 1635 2187 1715 inquam,
2235 1635 2440 1701 ociuS.

645 1753 720 1817 P.
771 1753 937 1833 Quid
984 1749 1140 1818 istic
1183 1755 1538 1820 clamorem
1587 1754 1815 1820 tollis?
1863 1755 1932 1820 C.
1981 1757 2363 1823 Parasitum
2410 1761 2601 1822 tuom

646 1875 856 1940 Video
909 1879 1290 1941 currentem
1334 1876 1535 1941 ellum
1582 1893 1795 1957 usque
1839 1877 1909 1941 in
1954 1877 2177 1958 platea
2223 1876 2481 1943 ultima.

649 1997 824 2063 Hinc
869 1995 1324 2062 auscultemus
1370 1998 1529 2078 quid
1574 2001 1752 2078 agat.
1800 1998 1872 2063 P.
1921 1998 2093 2064 Sane
2138 2017 2395 2065 censeo.

559 2121 804 2185 Omnes
865 2118 1250 2205 recentioris
1309 2119 1556 2184 aetatis
1601 2119 1890 2184 editores
1939 2124 2314 2202 sequuntur
2358 2122 2669 2188 FLEoKnr·

471 2259 710 2316 sanun,
759 2240 872 2322 qui
919 2244 1069 2322 post
1115 2257 1216 2304 VS.
1269 2241 1398 2306 273
1443 2240 1765 2306 maiorem
1803 2240 2113 2307 lacunam
2154 2243 2489 2308 detexisse
2540 2244 2666 2308 sibi

471 2365 664 2430 visus
701 2365 844 2445 est3
886 2364 1125 2444 quibus
1162 2363 1578 2441 argumentis
1617 2364 1809 2428 nisus
1846 2364 1969 2430 hoc
2008 2365 2283 2444 probare
2308 2366 2667 2441 studuerit,

471 2486 721 2565 ignore,
789 2484 1104 2566 quoniam
1172 2484 1600 2564 investigare,
1668 2485 1739 2549 in
1810 2503 1940 2567 quo
2000 2503 2195 2567 opere
2255 2487 2667 2552 sententiam

473 2626 668 2675 suam
712 2605 1266 2689 pronuntiaverit,
1315 2622 1450 2672 non
1499 2606 1706 2688 potui.
1755 2607 2010 2673 Ussme
2055 2608 2395 2689 integrum
2434 2609 2681 2675 folium·

470 2732 744 2812 periisse
791 2733 1024 2810 putat3
1075 2728 1294 2794 Grou‘rz
1323 2725 1374 2808 ¹)
1415 2733 1645 2795 autem
1685 2747 1820 2795 non
1858 2731 2045 2796 videt
2090 2737 2391 2816 „praeter
2429 2749 2665 2797 versus

467 2853 718 2934 aliquot
765 2850 878 2933 qui
921 2850 1004 2916 ad
1045 2848 1434 2916 Palinurum
1474 2852 1816 2931 pertinent
1853 2852 2041 2933 plura
2080 2852 2499 2917 intercidisse
2535 2870 2663 2933 quo

469 2975 612 3039 iure
658 2974 1131 3041 coniciamus.”
1159 2973 1253 3039 De
1291 2974 1417 3039 hac
1449 2978 1679 3040 autem
1718 2992 1789 3065 re
1830 2974 2265 3039 consentiunt
2306 2975 2433 3039 viri
2456 2974 2666 3039 docti:

469 3096 703 3161 verba:
783 3113 940 3180 „pro
1008 3096 1075 3160 di
1144 3094 1556 3161 immortales
1631 3131 1699 3141 -
1778 3096 2002 3161 ocius''
2075 3095 2383 3161 Palinuro
2452 3095 2667 3161 danda

467 3234 631 3300 esse,
689 3220 891 3298 atque
950 3216 1130 3281 hunc
1190 3221 1352 3282 ante
1412 3216 1522 3283 illa
1583 3218 1718 3282 iam
1783 3217 2098 3283 nonnulla
2157 3234 2305 3283 esse
2367 3218 2665 3283 locutum

439 3356 739 3405 necesse
801 3356 973 3405 esse.
1022 3340 1194 3404 Tum
1243 3341 1480 3405 verba:
1540 3340 1737 3423 „quid
1796 3374 1858 3385 —-
1918 3339 2097 3405 tollis
2112 3339 2191 3403 ‘?’'
2238 3339 2666 3416 Phaedromo,

476 3461 884 3548 „parasitum
943 3497 1004 3507 —
1065 3460 1264 3540 agat''
1315 3460 1641 3541 Palinuro,
1692 3477 1893 3547 „sane
1932 3461 2213 3526 censeo”
2256 3460 2665 3527 Phaedromo

469 3584 877 3649 tribuuntur.

561 3705 687 3770 Sed
733 3722 1052 3771 reverane
1097 3708 1249 3785 post
1299 3724 1398 3771 VS.
1449 3704 1579 3770 273
1625 3706 1936 3772 lacunam
1983 3709 2371 3771 statuamus
2416 3704 2513 3769 ita
2558 3722 2671 3769 ne-

467 3844 653 3893 cesse
737 3827 892 3892 est?
979 3826 1212 3892 Nonne
1290 3844 1554 3893 sumere
1620 3828 1778 3893 licet
1848 3845 2133 3909 coquum
2203 3831 2356 3908 post
2424 3829 2666 3891 verba:

475 3966 680 4036 „quae
735 3966 844 4014 res
888 3948 1061 4014 male
1107 3953 1337 4015 vortat
1384 3947 1550 4015 tibi'’
1575 3950 2015 4027 introiturum
2058 3949 2301 4030 subito,
2328 3965 2485 4013 cum
2530 3963 2669 4027 pro·

468 4072 573 4136 cul
632 4070 999 4152 conspiciat
1060 4071 1390 4151 quendam
1445 4072 1803 4154 hominem,
1854 4088 2053 4153 quem
2101 4071 2475 4151 parasitum
2522 4085 2669 4133 esse

467 4192 854 4269 arbitratur,
903 4194 1390 4259 consistentem
1429 4210 1658 4259 secum
1697 4194 1911 4275 loqui:
1960 4211 2116 4279 „pro
2154 4194 2220 4258 di
2258 4188 2671 4258 immortales

477 4345 621 4353 ——

545 4434 599 4501 1)
641 4432 809 4488 Praef.
847 4452 897 4505 p.
937 4432 1119 4487 xxrr.
