3450 5350
1573 600 1654 662 19

510 779 824 846 omnibus
879 779 1160 844 statutis
1208 797 1479 846 necesse
1529 779 1849 846 nimirum
1896 785 2043 844 erat
2089 779 2401 845 nonnulla
2448 779 2704 844 interci-

513 901 691 967 disse
755 903 1012 982 putare.
1077 899 1290 980 Quam
1338 900 1718 980 opinionem
1770 901 1877 964 vir
1920 901 2157 966 doctus
2204 901 2413 966 etiam
2459 901 2590 966 alia
2634 919 2705 966 re

514 1022 891 1087 confirmari
961 1022 1089 1086 sibi
1155 1009 1524 1102 persuasit:
1595 1039 1796 1086 versu
1858 1023 2143 1102 quodam
2212 997 2479 1087 Sereni*
2525 1023 2707 1088 Sarn-

514 1143 789 1222 monici;
839 1145 946 1206 est
991 1159 1046 1206 c.
1097 1143 1181 1208 23
1231 1161 1330 1207 vs.
1381 1143 1547 1207 42οε

693 1261 940 1339 Dulcia,
986 1263 1266 1328 Plautus
1311 1264 1426 1346 ait,
1475 1265 1709 1343 grandi
1753 1265 1981 1329 minus
2024 1268 2185 1344 apta
2228 1263 2407 1329 lieni.

606 1383 813 1464 Quem
875 1401 1150 1450 versum
1208 1385 1290 1448 ad
1338 1385 1552 1450 nostri
1597 1386 1928 1466 pertinere
1974 1385 2326 1450 existimat
2369 1385 2493 1451 loci
2537 1387 2707 1450 lacu·

514 1522 705 1587 nam;
755 1523 908 1586 ergo
950 1505 1186 1571 ludens
1232 1522 1317 1570 ex
1364 1523 1440 1572 eo
1486 1507 1664 1572 hunc
1709 1507 2053 1572 senarium
2098 1507 2286 1572 fecit:

653 1627 870 1692 1Nam
916 1627 1148 1706 grandi
1192 1627 1351 1691 lieni
1396 1628 1620 1692 minus
1667 1634 1831 1693 sunt
1874 1632 2033 1709 apta
2079 1628 2311 1692 dulcia.

603 1749 784 1830 Quae
833 1748 968 1814 fere
1013 1748 1362 1824 desideret,
1387 1749 1549 1814 dicit
1595 1750 1699 1814 his
1745 1750 2002 1815 verbis:
2044 1753 2511 1834 „exspectares
2534 1767 2709 1814 men·

513 1869 768 1935 tionem
843 1873 1044 1934 antea
1119 1871 1433 1935 iniectam
1503 1871 1819 1953 ciborum,
1892 1888 2059 1952 quos
2127 1871 2273 1937 leno
2342 1874 2422 1936 ut
2490 1871 2717 1958 ederet

515 1991 828 2055 suaderet
887 1991 1262 2055 Palinurus.
1326 1991 1528 2056 Velut
1577 2009 1730 2056 cum
1778 1995 2091 2070 negasset
2137 1993 2283 2057 leno
2328 1991 2717 2057 ambulatio-

516 2129 674 2177 nem
720 2111 1022 2176 sufficere
1070 2111 1152 2176 ad
1202 2113 1506 2178 morbum
1551 2112 1934 2197 tollendum,
1984 2117 2247 2195 poterat
2285 2112 2571 2179 alterum
2609 2112 2716 2177 ille

517 2232 802 2315 proferre
857 2235 1285 2313 praeceptum
1334 2237 1404 2299 et
1452 2251 1722 2315 pergere
1767 2235 1934 2310 leno,
1984 2252 2057 2300 se
2102 2237 2225 2300 hoc
2271 2253 2529 2316 quoque
2572 2236 2711 2299 iam

519 2355 689 2419 satis
747 2371 1072 2436 superque
1132 2355 1384 2420 frustra
1437 2356 1837 2421 adhibuisse.
1888 2357 2059 2422 Tum
2105 2358 2281 2422 iocos
2330 2355 2433 2421 ille
2478 2356 2712 2436 incipit

519 2475 998 2557 respondetque
1036 2475 1200 2556 lenc,
1242 2477 1428 2542 facile
1465 2494 1612 2542 esse
1643 2479 1967 2543 miserum
1993 2478 2293 2558 inridere,
2320 2481 2391 2542 et
2414 2477 2715 2558 persistit

519 2605 757 2664 servus
802 2595 872 2662 in
919 2597 1310 2662 irridendo.”

611 2718 978 2801 Concludit,
1033 2738 1222 2805 „cum
1269 2725 1339 2785 et
1387 2725 1546 2787 ante
1592 2740 1692 2787 vs.
1736 2724 1860 2787 241
1904 2722 2363 2787 desiderentur
2399 2721 2712 2786 nonnulla

519 2844 590 2930 et
639 2844 794 2921 post
838 2858 1110 2907 versum
1161 2842 1333 2907 239”
1364 2841 1413 2927 ¹)
1457 2844 1579 2925 (sic
1625 2847 1855 2909 autem
1903 2860 2143 2909 versus
2189 2843 2515 2923 disponit:

523 2962 653 3026 239
700 2962 770 3026 P.
825 2963 994 3029 Tum
1043 2967 1113 3028 te
1159 2964 1358 3042 igitur
1404 2966 1678 3029 morbus
1721 2965 1938 3043 agitat
1983 2964 2407 3049 hepatiarius.

522 3082 652 3147 240
699 3082 768 3147 C.
818 3084 979 3148 Lien
1029 3084 1414 3150 dierectust.
1457 3086 1524 3149 P.
1576 3084 1899 3149 Ambula:
1950 3085 2010 3149 id
2061 3084 2218 3149 lieni
2265 3088 2712 3165 optumumst.

521 3204 641 3269 241
698 3204 768 3269 C.
841 3204 1126 3270 Facilest
1193 3207 1514 3272 miserum
1585 3207 1887 3272 inridere.
1936 3208 2035 3283 ,Ρ.
2110 3208 2276 3287 Quin
2342 3210 2420 3271 tu
2468 3206 2717 3287 aliquot

2114 3330 2275 3406 [dies
2324 3346 2381 3393 e.
2430 3346 2489 3409 q.
2542 3332 2623 3404 3.)

527 3464 637 3531 „se
706 3464 839 3512 non
903 3447 1228 3522 dubitare,
1290 3448 1448 3528 quin
1512 3465 1751 3513 versus
1814 3450 1943 3513 240
2008 3466 2144 3513 una
2204 3466 2358 3512 cum
2419 3449 2535 3522 313,
2602 3449 2715 3528 qui

522 3568 994 3632 interciderant
1041 3586 1080 3632 a
1125 3568 1388 3633 librario
1435 3570 1606 3633 forte
1651 3570 1882 3634 omissi
1928 3574 1997 3633 et
2046 3569 2114 3633 in
2164 3568 2461 3647 margine
2507 3568 2729 3632 additi·

522 3690 678 3770 sint,
742 3707 1022 3771 quorum
1072 3707 1248 3754 1111113
1294 3692 1363 3755 111
1411 3692 1933 3756 continuitatem
1981 3692 2333 3755 verborum
2382 3689 2716 3769 irrepsit.''

611 3810 802 3875 Nunc
849 3810 990 3891 ipse
1036 3811 1192 3891 quid
1241 3812 1531 3877 sentiam
1580 3813 1819 3876 dicam.
1862 3814 2006 3876 Iam
2050 3828 2253 3892 supra
2275 3812 2379 3889 egi
2411 3811 2491 3875 de
2516 3826 2715 3874 versu

523 3932 654 3995 239
695 3935 764 3995 et
799 3935 1074 4011 probare
1113 3935 1394 3997 conatus
1433 3950 1586 3998 sum
1626 3949 1824 3998 versu
1868 3934 1998 3996 240
2044 3930 2269 4017 „facile
2308 3936 2417 3995 est
2447 3947 2502 3994 e.
2528 3947 2589 4010 q.
2618 3930 2717 3994 s.''

523 4055 786 4133 recepto
827 4041 999 4133 quod
1041 4054 1348 4139 proposui
1390 4071 1506 4133 pro
1546 4054 1966 4134 hepatiarius
2002 4054 2251 4133 optime
2294 4069 2563 4115 versum
2592 4052 2721 4114 239

524 4175 762 4255 excipi.
791 4174 1018 4254 Neque
1041 4175 1322 4238 arbitror
1348 4190 1614 4238 versum
1643 4176 1804 4237 244:
1838 4175 2038 4257 „Lien
2066 4175 2425 4238 dierectust
2448 4190 2503 4236 e.
2533 4190 2592 4253 q.
2621 4170 2721 4235 s.''

602 4434 660 4497 1)
699 4431 807 4487 Cur
842 4434 1020 4485 autem
1057 4429 1159 4497 hic,
1195 4430 1276 4485 fac
1313 4430 1423 4484 eius
1459 4410 1753 4501 opinionein
1794 4430 1859 4483 de
1896 4430 2080 4484 13311113
2116 4448 2287 4482 veram
2334 4429 2480 4482 esse?
