3450 5350
1496 614 1573 680 11

426 813 467 860 a
512 796 811 863 LUcHsm
841 793 910 880 1),
959 797 1075 878 qui
1120 797 1291 878 quod
1332 795 1485 878 fieri
1521 797 1696 878 apud
1732 798 1955 879 potine
1994 795 2221 861 omitti
2260 794 2469 861 soleat
2511 795 2629 860 vix

427 933 576 983 esse
639 921 838 997 putat
892 919 1321 998 quamobrem
1367 919 1577 984 etiam
1623 919 1777 998 fieri
1821 918 1892 982 in
1940 917 2383 998 suspicionem
2433 917 2630 982 addu-

428 1041 623 1103 catur
639 1059 655 1118 ;
699 1041 995 1103 ceterum
1034 1037 1220 1103 facile
1261 1057 1410 1104 esse
1450 1038 1663 1106 delere
1701 1038 1854 1120 fieri
1888 1043 2092 1119 atque
2132 1042 2293 1102 ante
2334 1038 2439 1102 vel
2478 1040 2633 1118 post

429 1159 811 1224 inmodestis
857 1159 1267 1224 substituere
1315 1161 1482 1239 istiS,
1533 1161 1705 1241 quod
1748 1158 2212 1240 probabilitate
2252 1159 2313 1224 ei
2354 1175 2427 1223 se
2463 1175 2633 1223 com·

430 1281 724 1346 mendat.
767 1280 1002 1346 Merito
1041 1285 1272 1346 autem
1313 1283 1589 1348 HAsPnR
1617 1278 1666 1360 2)
1707 1285 1935 1346 monet
1968 1281 2191 1362 potine
2225 1280 2379 1358 fleri
2400 1281 2635 1355 contra

427 1418 627 1466 usum
695 1417 844 1466 esse
905 1401 1326 1476 Plautinum,
1397 1407 1634 1484 utpote
1699 1419 1848 1466 cum
1918 1373 2181 1481 semper
2242 1400 2634 1465 adhibeatur

418 1524 642 1604 potine
690 1523 836 1588 sine
879 1523 1050 1602 fieri.
1099 1523 1354 1590 Ussmo
1399 1523 1576 1590 delet
1623 1525 1748 1600 hic,
1796 1523 1969 1605 quod
2018 1521 2198 1587 nullo
2248 1521 2440 1587 modo
2478 1521 2630 1586 ferri

430 1659 622 1724 posse
682 1644 1054 1719 existimat,
1117 1648 1319 1726 atque
1379 1647 1456 1710 ut
1510 1648 1567 1710 te
1614 1645 1979 1710 modereris
2025 1644 2514 1721 interpretatur
2561 1643 2635 1706 ut

363 1767 367 1775 “
430 1767 488 1828 te
522 1781 738 1844 yeras.
768 1765 1052 1831 LANGEN
1073 1764 1124 1847 3)
1148 1769 1528 1831 commonet
1554 1765 1873 1831 Plautum
1898 1781 2268 1846 numquam
2292 1763 2637 1852 moderari

429 1885 827 1964 coniungere
866 1903 1022 1950 cum
1061 1886 1464 1968 accusativa
1500 1887 1615 1952 sed
1641 1903 1907 1966 semper
1932 1904 2085 1951 cum
2111 1885 2339 1951 dativo
2365 1885 2636 1950 notione

439 2005 837 2090 „massigem
898 2005 1157 2087 zugeln,
1205 2006 1300 2070 im
1345 2005 1598 2070 Zaume
1644 2005 1943 2071 halten.'’
1994 2006 2212 2070 Affert
2259 2004 2431 2070 Men.
2482 2006 2634 2081 443,

433 2127 612 2190 Pers.
657 2126 784 2191 296
827 2144 945 2208 sq„
991 2124 1123 2191 Mil.
1168 2125 1316 2206 270,
1367 2126 1560 2202 1073,
1605 2124 1798 2204 1215,
1842 2125 2080 2191 Bacch.
2122 2127 2229 2206 91,
2265 2125 2453 2191 Gurc.
2487 2125 2635 2202 195,

436 2248 586 2327 486,
649 2247 866 2326 (Truc.
934 2247 1067 2326 83).
1127 2247 1300 2326 Ergo
1362 2249 1670 2312 constare
1733 2247 1941 2312 videri
1994 2263 2199 2311 usum
2246 2247 2636 2312 Plautinum

435 2371 707 2433 tantum
751 2367 1109 2435 admittere
1155 2369 1562 2433 immodestis
1619 2403 1686 2414 —
1742 2368 2107 2433 modereris
2154 2369 2471 2433 moribus.
2520 2368 2635 2434 De-

437 2491 686 2555 siderat
715 2494 945 2555 autem
970 2491 1075 2556 hic
1105 2490 1207 2555 vir
1229 2489 1465 2557 doctus
1489 2490 1940 2556 necessariam
1964 2491 2406 2571 negationem,
2433 2506 2638 2570 quare

439 2630 554 2695 pro
602 2612 708 2678 hic
752 2615 810 2677 te
854 2612 1084 2678 scribit
1129 2612 1310 2678 haut.
1361 2613 1509 2679 Non
1555 2629 1715 2679 vero
1757 2613 1999 2679 iniuria
2037 2613 2217 2679 Bfflx
2240 2616 2291 2691 ⁴)
2329 2629 2406 2678 eo
2444 2612 2635 2679 offen·

438 2736 638 2811 ditur,
701 2735 874 2817 quod
921 2738 996 2799 ut
1043 2736 1206 2800 haut
1251 2736 1647 2802 adhibeatur
1694 2753 1813 2816 pro
1859 2738 1934 2800 ut
1980 2753 2077 2818 ne,
2130 2735 2323 2800 cuius
2368 2735 2631 2815 quidem

438 2858 532 2921 rei
585 2856 968 2938 exemplum
1014 2856 1199 2922 desit.
1252 2858 1584 2922 Immutat
1629 2857 2086 2921 coniecturam
2132 2855 2637 2921 LANGENIANAM

439 2975 568 3041 sic:
644 2976 919 3058 „hocine
990 2976 1133 3041 fieri
1194 2980 1272 3042 ut
1339 2984 1561 3050 <ne>
1627 2976 2051 3041 immodestis
2111 2976 2219 3041 hic
2280 2976 2639 3041 modereris

440 3096 802 3162 moribus.''
841 3096 1162 3163 HAsano
1201 3096 1242 3160 l.
1269 3097 1309 3162 l.
1353 3097 1734 3163 infinitivus
1766 3096 2255 3163 exclamativus
2278 3114 2411 3161 non
2435 3100 2638 3176 aptus

439 3218 726 3283 videtur.
769 3217 1056 3298 Quidni?
1096 3217 1500 3285 Dubitanter
1525 3219 1910 3299 suspicatur
1934 3220 2018 3284 ab
2042 3219 2233 3284 initio
2256 3218 2636 3285 exstitisse:

443 3340 715 3426 „hocine
761 3340 870 3419 flet
912 3340 1331 3406 immodestis
1378 3345 1458 3405 ut
1500 3340 1858 3406 modereris
1896 3341 2193 3406 moribus
2208 3340 2287 3405 ?''
2327 3339 2639 3423 Ceterum

443 3463 794 3528 192—202
863 3464 1362 3529 retractationis
1431 3462 1722 3543 speciem
1792 3463 2104 3543 praebere
2171 3463 2231 3527 ei
2298 3462 2637 3530 videntur.

443 3584 883 3666 Quamobrem
928 3585 1256 3649 tandem?

530 3704 664 3769 Lno
724 3706 1005 3786 denique
1029 3707 1080 3787 5)
1145 3723 1260 3785 pro
1319 3705 1684 3770 modereris
1740 3703 2057 3769 Plautum
2105 3702 2451 3788 scripsisse
2496 3719 2640 3769 con-

442 3826 660 3892 tendit
705 3828 1018 3892 moderes.
1067 3826 1242 3892 Nota
1287 3830 1396 3892 est
1440 3843 1549 3892 res
1597 3825 1949 3907 antiquam
1988 3824 2285 3904 linguam
2325 3825 2640 3892 Latinam

515 4112 573 4181 1)
613 4112 834 4165 Hermes
870 4112 900 4163 8
939 4129 989 4182 p.
1027 4111 1148 4165 116.

513 4201 569 4268 2)
608 4196 1023 4269 Philologischer
1061 4197 1322 4269 Anzeiger
1358 4199 1425 4251 13
1462 4216 1512 4269 p.
1551 4198 1652 4252 117
1695 4200 1815 4251 adn.

515 4287 571 4354 3)
609 4284 852 4355 BeItr'age
889 4302 983 4337 zur
1019 4284 1199 4338 Kritik
1235 4282 1345 4338 und
1381 4282 1682 4355 Erkliirung
1721 4282 1813 4337 des
1852 4283 2071 4338 Plautus
2105 4303 2155 4357 p.
2196 4285 2313 4339 231.

514 4375 571 4441 4)
609 4371 762 4425 Neue
797 4361 1128 4425 Jahrbiicher
1164 4372 1267 4425 123
1303 4388 1354 4440 p.
1393 4370 1476 4424 5¹1.

516 4462 570 4529 5)
607 4458 831 4513 Hermes
869 4458 934 4512 18
973 4476 1022 4528 p.
1063 4458 1182 4517 574.
