3450 5350
1779 590 1908 655 156

848 771 1093 836 Versui
1153 771 1285 838 676
1344 773 1400 836 Β
1460 773 1838 853 praemittit
1897 789 2249 854 personam
2310 774 2722 851 Phaedromi,
2768 777 2946 841 recte

750 892 954 958 ceteri
1002 890 1152 956 libri
1196 893 1597 959 continuant
1642 911 1916 961 versum
1968 896 2184 962 militi.

839 1152 939 1201 vs.
1006 1135 1137 1200 679
1199 1153 1339 1217 sqq.
1398 1124 1579 1203 Leno
1625 1155 1667 1202 a
1710 1140 2055 1222 trapezita,
2105 1158 2146 1205 a
2192 1157 2320 1221 quo
2363 1143 2720 1220 argentum
2765 1158 2944 1222 repe·
3063 1194 3070 1198 .

750 1256 931 1337 tivit,
1006 1258 1369 1321 revertitur
1434 1259 1575 1340 ipse
1638 1276 1870 1325 seeum
1930 1261 2208 1342 loquens
2270 1262 2351 1327 de
2414 1264 2946 1342 argentariorum

748 1378 926 1444 mala
970 1378 1131 1443 fide:

928 1500 1348 1579 Argentariis
1398 1501 1570 1566 male
1615 1502 1792 1567 oredi
1835 1502 1950 1583 qui
1995 1504 2210 1581 aiunt,
2261 1522 2480 1585 nugas
2524 1505 2948 1586 praedicant:

749 1622 880 1687 680
928 1622 1101 1687 Nam
1148 1626 1219 1688 et
1266 1623 1431 1687 bene
1474 1626 1545 1687 et
1593 1623 1766 1688 male
1811 1623 1986 1689 credi
2035 1624 2216 1707 dioo;
2271 1626 2336 1691 id
2385 1627 2547 1691 adeo
2591 1642 2710 1705 ego
2756 1626 2948 1691 hodie

1692 1814 1697 1819 .
2289 1751 2632 1829 [expertus
2679 1764 2852 1812 sum.

927 1865 1075 1947 Non
1120 1867 1295 1932 male
1340 1866 1633 1933 creditur
1678 1868 1793 1949 qui
1842 1886 2210 1950 numquam
2258 1869 2567 1945 reddunt,
2615 1870 2728 1935 sed
2773 1886 2948 1950 pror-

2435 1995 2612 2069 [sum
2659 1991 2848 2072 perit.

926 2110 1052 2175 Vel
1110 2108 1237 2189 ille,
1301 2110 1530 2177 decem
1599 2092 1820 2177 minas
1883 2112 2044 2177 dum
2108 2109 2334 2187 solvit,
2381 2113 2603 2179 omnis
2671 2130 2945 2178 mensas

908 2235 912 2240 ’
2537 2233 2853 2311 [transiit.

640 2420 663 2439 ‚
776 2390 778 2393 <
838 2354 981 2419 Hos
1044 2369 1281 2419 versus
1342 2356 1413 2418 et
1472 2353 1829 2419 LAifflmus
1875 2356 1946 2419 et
1993 2355 2249 2421 Ussmo
2296 2353 2603 2437 (aliorum
2651 2355 2949 2420 virorum

748 2475 1093 2541 doctorum
1162 2475 1749 2557 interpretationes
1821 2476 1987 2541 mihi
2049 2494 2180 2541 non
2244 2476 2714 2559 innotuerunt)
2779 2476 2978 2540 male-

747 2596 1172 2679 interpretari
1232 2596 1399 2671 mihi
1462 2596 1800 2670 videntur.
1873 2597 2098 2682 „Hoc”
2161 2597 2258 2661 ait
2304 2596 2662 2662 LAMBmus
2711 2597 2951 2681 „signi-

749 2721 905 2784 ficat
966 2720 1147 2785 leno:
1212 2719 1473 2785 credere
1537 2719 1889 2801 pecuniam
1952 2719 2349 2798 argentariis
2413 2737 2544 2784 non
2609 2722 2716 2785 est
2777 2720 2950 2785 male

749 2841 1027 2924 credere,
1091 2844 1171 2905 ut
1234 2839 1533 2906 nonnulli
1594 2840 1846 2906 dicunt.
1903 2840 2078 2905 Nam
2124 2840 2238 2920 qui
2285 2838 2458 2906 male
2500 2840 2710 2906 credit
2755 2839 2952 2906 alicui

750 2963 1119 3060 pecuniam,
1188 2980 1381 3044 spem
1440 2965 1670 3027 tamen
1733 2962 1938 3027 habet
1992 2961 2282 3043 aliquam
2330 2962 2780 3044 recuperandi,
2830 2979 2950 3028 neo

750 3101 1051 3166 prorsus,
1082 3084 1330 3166 perdit:
1380 3088 1455 3148 at
1500 3083 1613 3164 qui
1659 3083 2058 3162 argentariis
2103 3083 2332 3159 credit,
2380 3101 2651 3164 prorsus
2697 3084 2948 3165 perdit;

750 3222 905 3285 ergo
954 3208 1295 3285 nugantur
1341 3205 1453 3286 qui
1499 3206 1693 3270 aiunt
1741 3204 2140 3282 argentariis
2186 3205 2359 3270 male
2403 3205 2643 3270 oredi”.
2701 3205 2952 3270 Contra

752 3327 1036 3393 Ussme:
1121 3327 1340 3412 „Quod
1416 3327 1611 3406 vulgo
1678 3325 1929 3406 dicunt,
2001 3325 2242 3407 inquit,
2312 3327 2708 3408 argentariis
2777 3328 2952 3393 male

751 3449 942 3532 credi,
993 3447 1058 3512 id
1105 3465 1237 3513 non
1283 3452 1465 3513 reete
1512 3449 1754 3513 dioitur
1772 3469 1788 3528 3
1837 3448 2062 3528 potius
2110 3447 2460 3514 dicendum
2506 3452 2614 3514 est
2660 3460 2732 3514 et
2777 3448 2952 3514 male

752 3573 823 3635 et
890 3572 1057 3636 bene
1125 3569 1321 3635 credi.
1384 3569 1558 3635 Nam
1621 3569 1750 3653 (vs.
1814 3569 1938 3634 681
2010 3569 2162 3650 leyz't
2222 3588 2374 3634 cum
2432 3570 2493 3634 E
2541 3569 2784 3655 „nam”
2833 3588 2949 3652 pro

761 3693 1005 3777 „non”)
1066 3691 1236 3758 male
1297 3692 1588 3758 creditur
1649 3692 1732 3772 ei,
1796 3691 1911 3773 qui
1973 3690 2137 3756 nihil
2199 3691 2454 3772 reddit;
2519 3692 2628 3756 hic
2687 3691 2958 3772 quidem

753 3814 1021 3880 reddere
1089 3814 1299 3880 noluit
1373 3850 1441 3859 —
1511 3813 1842 3878 haetenus
1909 3812 2113 3891 igitur
2182 3811 2355 3877 male
2427 3812 2828 3878 eredendum
2899 3811 2961 3876 91

752 3939 899 4000 erat
956 3972 1050 4019 --‚
1095 3935 1211 4000 sed
1261 3936 1598 4014 postremo
1636 3933 2010 3998 amicorum
2057 3933 2350 3998 consiliis
2400 3933 2728 4000 adductus
2775 3950 2964 4015 peou-

752 4058 936 4122 niam
984 4056 1202 4139 solvit,
1260 4058 1333 4120 ut
1379 4055 1591 4120 etiam
1636 4056 1806 4120 bene
1853 4054 1914 4118 ei
1956 4054 2289 4119 creditum
2330 4072 2478 4122 9999
2517 4056 2647 4121 dici
2685 4055 2964 4137 possit”.

842 4177 1012 4258 Quid
1052 4175 1482 4242 contenditur
1518 4192 1559 4239 a
1595 4174 1889 4239 lenone?
1931 4174 2361 4240 Adversatur
2399 4194 2628 4242 eorum
2655 4176 2965 4258 opinioni,

754 4300 868 4382 qui
928 4302 1291 4364 autumant
1352 4297 1748 4376 argentariis
1812 4297 1987 4362 male
2036 4297 2236 4373 credi,
2286 4299 2448 4378 quin
2497 4299 2704 4364 etiam
2754 4313 2968 4377 nugas

755 4420 899 4487 illos
962 4421 1335 4502 praedicare
1392 4419 1705 4484 affirmat.
1765 4419 1948 4500 Quod
1999 4423 2358 4486 asseverat
2401 4422 2594 4488 nisus
2641 4421 2745 4502 119,
2795 4436 2967 4502 quae
