3450 5350
1526 595 1614 663 85

444 782 775 861 -pretatur
825 778 1269 866 „wucherer”.
1317 779 1443 861 Qui
1480 779 1587 843 vir
1621 779 1860 845 doctus
1898 781 2201 845 constare
2240 780 2450 845 videri
2471 784 2663 847 ratus

467 900 688 966 Plauti
747 903 974 967 aetate
1035 900 1378 967 basilicam
1439 900 1693 965 nullam
1753 898 1981 982 fuisse,
2031 916 2133 965 vs.
2185 900 2314 964 472
2362 900 2659 967 damnat.

468 1020 608 1102 Quo
676 1038 878 1087 versu
945 1025 1285 1103 expuncto
1354 1024 1577 1087 scorta
1644 1020 1907 1087 exoleta
1967 1024 2170 1102 atque
2230 1022 2662 1104 stipulatores

467 1142 788 1208 nimirum
844 1144 1205 1223 quaerendi
1267 1150 1431 1208 sunt
1478 1143 1655 1224 apud
1703 1142 2048 1208 Cloacinae
2096 1160 2384 1222 sacrum,
2431 1144 2662 1210 eodem

465 1261 603 1329 loco
648 1281 778 1345 quo
825 1265 1175 1331 mendaces
1221 1268 1291 1330 et
1336 1264 1621 1344 gloriosi.
1694 1264 1852 1330 Sive
1898 1267 2125 1330 autem
2175 1263 2520 1330 Cloacinae
2565 1283 2660 1331 sa·

467 1399 656 1449 crum
701 1403 858 1451 cum
904 1386 943 1451 J
946 1402 1212 1452 onnAuo
1259 1386 1560 1468 proxime
1605 1403 1646 1451 a
1692 1384 1929 1451 rostris
1970 1385 2222 1451 afuisse
2245 1386 2663 1467 suspicamur

465 1504 611 1570 sive
656 1523 811 1572 cum
858 1508 1297 1573 annmcmo
1343 1507 1453 1584 ibi,
1503 1506 1618 1572 ubi
1663 1504 1885 1571 cloaca
1932 1506 2230 1571 maxima
2273 1522 2499 1572 aream
2540 1506 2665 1572 fori

467 1626 858 1706 ingreditur,
905 1632 1137 1695 tamen
1185 1628 1293 1695 hic
1340 1629 1445 1694 vir
1490 1628 1728 1693 doctus
1773 1628 2183 1693 sententiam
2209 1644 2404 1693 suam
2426 1646 2662 1709 parum

467 1746 748 1813 feliciter
792 1748 1120 1814 defendit:
1173 1750 1392 1836 „diese
1430 1750 1768 1815 annahme
1806 1749 1974 1813 wird
2013 1765 2135 1814 zur
2157 1748 2434 1814 evidenz
2458 1748 2663 1814 durch

467 1887 534 1933 v,
584 1871 737 1952 476,
801 1889 907 1937 wo
970 1874 1095 1937 wir
1156 1889 1285 1937 nur
1344 1872 1563 1950 wenig
1622 1870 1879 1937 sudlich
1925 1888 2013 1936 an
2061 1871 2404 1937 derselben
2447 1869 2665 1937 cloaca

468 1989 588 2055 das
649 1992 973 2058 nemliche
1034 1993 1370 2074 publicum
1431 1992 1783 2068 antreffen‚
1844 1991 1949 2057 die
2004 1994 2427 2057 ostentatores
2471 1994 2663 2067 meri,

466 2111 572 2177 die
634 2113 859 2178 nichts
920 2114 1199 2179 anderes
1261 2114 1404 2179 sein
1467 2114 1736 2178 konnen
1797 2111 1897 2178 als
1955 2113 2060 2179 die
2118 2113 2465 2179 mendaces
2523 2113 2660 2178 und

466 2235 741 2314 yloriosi
774 2235 890 2301 des
940 2253 1004 2301 v.
1053 2235 1250 2302 471”.
1308 2235 1454 2300 Iam
1500 2250 1703 2315 supra
1749 2234 2043 2299 vidimus
2088 2233 2230 2299 fieri
2277 2233 2394 2299 vix
2441 2250 2656 2315 posse,

466 2360 545 2421 ut
608 2357 863 2422 duobus
918 2355 1077 2423 locis
1133 2357 1363 2423 eadem
1407 2357 1759 2422 hominum
1805 2374 2048 2437 genera
2093 2356 2478 2421 tribuant-ur
2523 2373 2655 2420 non

465 2478 689 2543 addito
750 2496 1002 2560 quoque
1062 2478 1170 2544 vel
1229 2476 1355 2544 alio
1418 2478 1746 2543 eiusmodi
1806 2476 2143 2553 vocabule,
2204 2494 2419 2559 neque
2466 2478 2656 2542 credo

466 2603 732 2681 poetam
780 2600 883 2665 bis
925 2600 1104 2665 idem
1141 2616 1353 2680 genus
1389 2616 1928 2666 commemorare.
1977 2599 2160 2680 Nego
2184 2602 2414 2665 autem
2437 2602 2656 2664 osten-

462 2726 715 2788 tatores
760 2724 1132 2788 necessario
1177 2722 1444 2788 eosdem
1488 2739 1636 2788 esse
1682 2723 1917 2788 debere
1961 2726 2164 2804 atque
2204 2723 2561 2787 mendaces
2583 2725 2654 2786 et

461 2844 795 2924 gloriosos.
858 2844 1327 2910 Ostentatores
1372 2844 1479 2909 hic
1524 2844 1572 2908 ii
1618 2851 1802 2926 sunt,
1853 2845 1964 2925 qui
2012 2843 2299 2925 speciem
2345 2842 2651 2908 formam-

461 2982 590 3047 que
649 2981 846 3031 suam
905 2968 1253 3030 ostentent
1315 2965 1424 3048 (cf.
1474 2965 1666 3032 Truc.
1719 2965 1898 3048 270).
1968 2966 2048 3030 In
2096 2964 2307 3030 medio
2354 2964 2492 3029 foro
2539 2980 2654 3028 eos

459 3085 603 3150 ideo
663 3093 970 3151 versatos
1027 3103 1177 3152 esse
1236 3086 1539 3169 arbitror,
1604 3089 1686 3152 ut
1747 3087 2037 3167 undique
2099 3090 2300 3168 atque
2360 3104 2402 3152 a
2447 3103 2650 3168 quam

459 3206 765 3288 plurimis
810 3207 1370 3288 conspicerentur.
1430 3207 1770 3287 Quomodo
1813 3212 2044 3273 autem
2091 3207 2384 3274 Grannum
2412 3206 2460 3291 ¹)
2517 3224 2652 3292 „os-

460 3331 833 3394 tentatores
895 3328 1155 3393 meros''
1214 3329 1639 3409 interpretari
1700 3328 1914 3410 possit
1964 3329 2108 3414 „die
2155 3344 2386 3408 grosze
2432 3329 2650 3394 Masse

457 3449 573 3515 der
616 3450 738 3515 auf
777 3448 881 3514 die
929 3449 1358 3528 Trinkgelder
1404 3449 1519 3515 der
1562 3449 1855 3515 Reichen
1899 3449 2472 3534 angewiesenen”,
2515 3468 2647 3516 om-

456 3571 615 3637 nino
671 3589 779 3636 me
827 3571 1164 3651 praeterit,
1214 3572 1346 3637 nisi
1393 3571 1721 3636 adductus
1767 3571 1905 3636 loco
1950 3572 2149 3637 Fns‘rr
2196 3573 2315 3638 45:
2373 3573 2646 3656 „canali-

457 3693 634 3759 colae
680 3692 980 3758 forenses
1026 3692 1328 3757 homines
1371 3708 1695 3774 pauperes
1742 3692 1923 3768 dicti,
1972 3692 2145 3773 quod
2190 3694 2362 3758 circa
2383 3692 2648 3758 canales

411 3801 415 3806 ’
457 3814 578 3880 fori
625 3813 1117 3879 subsisterent”
1154 3813 1424 3895 scripsit
1470 3814 1623 3879 ista.
1672 3812 1769 3878 De
1807 3831 1937 3894 quo
1973 3813 2112 3879 loco
2152 3814 2309 3895 quid
2350 3818 2648 3879 statuen-

456 3935 616 4000 dum
686 3935 799 4009 sit,
868 3935 1130 4014 ignoro;
1202 3937 1433 4000 nostro
1500 3939 1733 4000 autem
1800 3935 1938 4000 loco
2005 3935 2305 4000 canalem
2366 3936 2646 4016 intelligi

453 4057 743 4123 cloacam
789 4056 1158 4121 maximam
1202 4059 1507 4122 constare
1554 4057 1720 4121 mihi
1765 4055 2048 4121 videtur.

543 4178 743 4272 lJorro
790 4177 1161 4243 FBIEDRIOH
1208 4176 1396 4242 dicit:
1451 4177 1611 4263 „das
1645 4177 2025 4256 Argiletum
2047 4177 2205 4242 aber
2226 4178 2451 4244 fiihrte
2471 4180 2642 4245 nach
2705 4157 2712 4164 ⁴

523 4439 577 4506 l)
611 4437 646 4492 l.
683 4437 717 4492 1.
753 4457 804 4510 p.
844 4439 964 4493 220.
