3450 5350
1814 580 1897 644 62

753 759 876 825 hoc
936 758 1097 824 nihil
1162 758 1381 824 valere
1434 760 1517 826 ad
1567 759 1887 828 Plautum
1935 763 2110 829 dicto
2158 780 2291 830 non
2336 780 2505 845 opus
2550 765 2677 829 est.
2725 761 2955 844 Neque

755 879 877 945 hoc
939 876 1206 945 SOLTAU
1263 881 1626 951 admodum
1671 882 2003 964 probabile
2048 885 2285 952 ducere
2332 885 2628 965 videtur3
2679 901 2839 952 nam
2884 883 2957 948 in

764 1003 1077 1082 promptu
1138 1000 1341 1066 habet
1401 1003 1578 1067 aliud
1641 1005 1820 1084 quid,
1881 1006 2052 1087 quod
2109 1006 2343 1086 multo,
2390 1010 2469 1072 ut
2514 1007 2659 1087 ipse
2704 1008 2957 1080 censet,

761 1120 854 1186 sit
901 1121 1364 1190 verisimilius:
1425 1123 1678 1190 scilicet
1725 1130 1997 1192 servato
2044 1130 2101 1192 et
2148 1128 2413 1212 quidem
2454 1128 2763 1192 lacunam
2798 1129 2959 1190 ante

758 1258 1029 1308 versum
1079 1244 1511 1312 statuendam
1549 1263 1715 1312 esse.
1774 1247 2161 1333 „Curculio”
2201 1250 2301 1315 ait
2346 1249 2670 1334 „fortasse
2708 1250 2957 1329 specta-

757 1363 1016 1430 toribus
1061 1367 1473 1441 narraverat,
1524 1383 1692 1446 quae
1744 1369 2023 1434 ‘ventris
2068 1369 2546 1464 stabilimenta'
2594 1369 2816 1434 oblata
2861 1385 2958 1465 es-

764 1489 940 1561 sent,
999 1487 1069 1549 et
1114 1484 1348 1578 deinde
1394 1502 1584 1566 spem
1630 1492 1999 1572 aperuerat,
2050 1507 2121 1554 re
2166 1491 2332 1556 bene
2378 1493 2529 1556 acta
2573 1461 2775 1555 aliam
2821 1504 2961 1554 coe-

765 1624 924 1673 nam
981 1607 1112 1672 sibi
1173 1611 1480 1688 paratam
1542 1609 1702 1674 fore.
1772 1610 1948 1675 Tum
2008 1611 2222 1676 iocose
2283 1611 2518 1676 addere
2582 1612 2803 1693 potuit
2870 1611 2957 1675 ‘et

761 1728 1028 1809 quidem
1088 1729 1323 1810 reliqui
1384 1729 1457 1794 in
1519 1732 1757 1796 ventre
1801 1731 2003 1797 cellae
2052 1732 2168 1797 uni
2212 1733 2452 1814 locum,
2500 1733 2614 1798 ubi
2660 1726 2957 1813 reliquia-

763 1868 914 1916 rum
962 1849 1272 1930 reliquias
1317 1851 1792 1916 recondereml'
1840 1852 2019 1932 Quae
2066 1853 2126 1918 si
2164 1855 2343 1918 recte
2381 1855 2706 1936 perspexi,
2750 1854 2959 1919 etiam

764 1973 892 2037 alia
941 1971 1224 2051 vestigia
1271 1971 1616 2038 histrionis
1661 1973 2009 2039 cuiusdam
2058 1952 2519 2040 Curculionem
2543 1974 2961 2040 decurtantis

767 2093 1198 2160 retractantis
1244 2093 1582 2160 detexisse
1628 2095 1794 2160 mihi
1838 2097 2029 2162 visus
2073 2096 2295 2162 sum'’.
2368 2097 2517 2162 Non
2562 2097 2959 2163 contendere

767 2217 998 2284 dubito
1058 2216 1336 2282 minime
1402 2234 1558 2282 eum
1616 2217 1739 2283 hoc
1801 2221 1977 2284 recte
2033 2218 2472 2300 perspexisse.
2522 2218 2997 2299 Quamobrem⁸

767 2338 1042 2402 tandem
1104 2338 1399 2418 parasito
1447 2355 1817 2404 memorare
1862 2357 2029 2419 opus
2076 2343 2241 2415 erat,
2290 2339 2447 2420 quid
2492 2339 2761 2418 edisset,
2810 2355 2965 2403 cum
3021 2346 3027 2351 ’

715 2465 722 2474 '
769 2459 904 2526 iam
968 2459 1422 2525 Phaedromus
1484 2477 1585 2524 vs.
1653 2460 1783 2524 323
1846 2461 2182 2550 dixisset,
2215 2477 2385 2556 quae
2431 2462 2660 2526 essent
2705 2463 2962 2540 parata,

705 2585 708 2590 ’
769 2581 940 2664 quod
987 2562 1259 2660 insuper
1302 2598 1343 2645 a
1388 2580 1780 2646 Curculione
1825 2599 1927 2646 vs.
1970 2583 2101 2646 366
2139 2583 2463 2647 iteratum
2516 2581 2673 2646 est?
2735 2580 2963 2660 Neque

765 2705 947 2770 locus
995 2704 1198 2771 unius
1241 2702 1439 2769 cellae
1485 2704 1759 2769 relictus
1806 2708 1912 2770 est
1966 2706 2117 2791 „alii
2156 2704 2461 2785 coenae'',
2506 2704 2622 2770 sed
2648 2704 2962 2785 reliquiis.

769 2826 903 2892 Cur
964 2844 1153 2908 porro
1213 2828 1272 2889 et
1333 2826 1596 2909 quidem
1660 2827 1757 2891 sic
1803 2845 1935 2892 non
1982 2822 2279 2895 offendat
2326 2826 2741 2899 sont-ommia,
2789 2842 2970 2900 cum,

769 2950 900 3016 nisi
944 2948 1253 3014 lacunam
1299 2949 1566 3031 statuit,
1619 2950 1688 3013 in
1737 2966 1813 3014 eo
1860 2950 2155 3025 haereat,
2206 2966 2477 3029 prorsus
2526 2965 2633 3014 me
2682 2948 2873 3031 fugit.

863 3072 1081 3139 Versu
1128 3070 1436 3151 sequenti
1456 3044 1483 3134 ;ν
2058 3162 2063 3165 ¹

950 3194 1110 3275 Quis
1156 3191 1264 3277 hic
1307 3192 1432 3273 est,
1483 3190 1596 3283 qui
1644 3194 1875 3270 operto
1908 3164 2141 3271 ¹capite
2187 3190 2663 3271 Aesculapium

768 3316 900 3381 390
947 3312 1262 3379 Salutat?
1307 3314 1506 3391 attat,
1557 3329 1758 3394 quem
1806 3315 2229 3394 quaerebam.
2278 3329 2553 3394 sequere
2599 3328 2729 3377 me.

767 3438 1116 3519 exspectat
1168 3434 1337 3499 Lno:
1397 3434 1546 3520 „sed
1594 3436 1745 3516 quis
1793 3436 1901 3501 hic
1945 3436 2115 3501 est”.
2186 3436 2441 3501 Verum
2486 3436 2593 3500 est
2639 3433 2969 3499 eiusmodi
3043 3492 3048 3496 .

767 3558 1166 3637 sententias,
1213 3557 1326 3621 ubi
1372 3555 1524 3637 quis
1569 3557 1897 3637 conspicit
1941 3557 2187 3637 aliquid
2235 3558 2799 3636 inexspectatum,
2842 3553 2968 3634 ple·

645 3740 652 3746 .
765 3696 1049 3759 rumque
1096 3696 1138 3743 a
1181 3678 1296 3741 sed
1341 3677 1646 3758 incipere.
1709 3678 1952 3744 Noster
1998 3684 2230 3744 tamen
2279 3677 2463 3743 locus
2509 3675 2823 3742 histrioni
2868 3675 2965 3740 sic

765 3800 1062 3880 agendus
1123 3803 1231 3863 est
1289 3801 1369 3863 ut
1429 3815 1564 3863 non
1631 3800 1849 3865 solum
1896 3800 2011 3864 sed
2057 3817 2191 3865 non
2239 3798 2667 3878 desideretur,
2719 3796 2834 3861 sed
2882 3814 2967 3861 ne

762 3922 968 3988 inseri
1009 3894 1298 4003 ¹quidem
1364 3920 1596 4002 possit,
1639 3922 1800 4001 quin
1868 3924 2052 3987 totus
2114 3900 2599 4001 corrumpatur.
2665 3918 2969 3984 Curculio

767 4041 1084 4110 nonnulla
1145 4057 1376 4105 secum
1420 4041 1684 4119 locutus
1731 4046 1858 4118 est,
1908 4047 2057 4108 tum
2106 4041 2330 4107 subito
2378 4040 2706 4129 conspicit
2751 4055 2973 4119 quem·

766 4165 966 4247 piam,
1030 4161 1146 4255 qui
1205 4178 1406 4241 quem
1470 4162 1732 4241 quaerit
1778 4164 1839 4229 ei
1886 4179 2033 4229 esse
2081 4162 2363 4243 videtur,
2416 4178 2533 4245 per
2579 4162 2783 4226 breve
2828 4176 2971 4239 spa-

766 4286 942 4351 tium
1003 4284 1280 4349 miranti
1340 4284 1534 4347 vultu
1601 4302 1761 4350 eum
1821 4286 2161 4365 intuetur3
2214 4288 2365 4349 tum
2411 4283 2628 4348 adhuc
2675 4282 2972 4347 incertus

767 4409 964 4473 dicit:
1020 4407 1209 4491 „quis
1254 4404 1362 4467 hic
1406 4408 1512 4469 est
1559 4407 1840 4485 e.q.s.?”
1888 4408 2133 4471 Eodem
2173 4423 2280 4471 res
2304 4404 2478 4468 redit
2501 4403 2659 4469 acsi
2684 4402 2967 4466 diceret:
3065 4436 3069 4439 -
