3450 5350
1833 611 1915 674 54

856 771 1191 862 Nonnulla
1235 794 1564 861 excidisse
1612 794 1791 861 inter
1838 812 1941 860 vs.
1980 793 2119 859 ’337
2170 797 2241 860 et
2281 794 2412 860 338
2452 796 2785 862 assentior
2823 796 2968 861 viro

765 915 975 997 doct0‚
1033 914 1282 981 nullam
1329 919 1563 981 autem
1607 916 1919 982 lacunam
1966 917 2116 982 esse
2162 916 2338 981 inter
2381 917 2469 982 Π.
2523 917 2583 983 2.
2634 917 2716 982 23
2765 921 2837 983 et
2882 919 2964 982 24

763 1056 964 1119 supra
1026 1038 1302 1120 probare
1365 1039 1651 1103 conatus
1698 1054 1882 1126 sum.
1946 1036 2117 1116 Ergo
2164 1055 2346 1102 nunc
2391 1038 2684 1119 primum
2732 1038 2969 1104 militis

765 1158 1180 1225 mentionem
1245 1157 1388 1223 fieri
1445 1174 1843 1240 persuasum
1886 1157 2052 1222 mihi
2097 1160 2223 1223 est.
2296 1158 2548 1223 Tamen
2598 1159 2966 1225 SnYFan‘n

765 1279 1231 1361 supplemento
1297 1280 1535 1344 textus
1595 1278 1895 1343 nondum
1956 1277 2028 1343 in
2056 1273 2414 1359 'integrum
2461 1280 2771 1346 redactus
2817 1297 2966 1346 esse

766 1401 929 1466 mibi
988 1400 1277 1466 videtur.
1341 1399 1560 1465 Versu
1625 1401 1807 1465 enim
1874 1400 2006 1464 340
2067 1399 2371 1466 Curculio
2431 1401 2631 1467 militi
2684 1401 2968 1482 roganti,

764 1522 1195 1602 quamobrem
1237 1521 1501 1586 venerit
1540 1520 1611 1585 in
1653 1519 1941 1600 Cariam,
1984 1520 2375 1601 respondet:
2424 1521 2673 1605 „animi
2698 1523 2968 1588 causa”.

765 1642 900 1707 Cur
945 1659 1175 1708 veram
1224 1659 1356 1706 non
1404 1642 1564 1707 dicit
1613 1642 1941 1707 causam?
1987 1641 2076 1705 Et
2114 1659 2233 1706 cur
2271 1660 2371 1707 vs.
2415 1642 2544 1708 342
2584 1661 2680 1724 sq.
2732 1644 2969 1709 Thera·

763 1763 1123 1844 pontigone
1168 1762 1631 1845 interroganti,
1682 1761 2226 1843 Cappadocemne
2267 1763 2549 1847 noverit,
2591 1765 2965 1846 respondet,

764 1884 958 1966 quasi
1006 1884 1169 1949 nihil
1213 1884 1297 1949 ad
1345 1901 1418 1949 se
1464 1884 1758 1949 attineat
1800 1888 2093 1969 („annuo
2136 1884 2691 1967 visitasse”)?
2730 1883 2966 1966 Quam-

764 2023 966 2087 quam
1011 2006 1297 2071 fortasse
1343 2005 1483 2070 fieri
1534 2005 1781 2087 potuit,
1826 2008 1905 2070 ut
1952 2006 2031 2070 de
2076 2021 2237 2070 vera
2282 2005 2543 2071 itineris
2581 2023 2783 2072 causa
2822 2007 2967 2073 ideo

767 2125 1048 2192 militem
1110 2144 1243 2192 non
1306 2127 1629 2208 edoceret,
1680 2126 1839 2208 quia
1883 2126 2087 2192 huius
2134 2127 2296 2192 nihil
2341 2127 2405 2192 id
2454 2127 2622 2193 scire
2667 2128 2962 2210 referret,

765 2252 994 2314 tamen
1044 2246 1258 2313 multo
1306 2246 1709 2329 probabilius
1755 2265 1903 2314 esse
1951 2252 2114 2330 puto
2156 2248 2347 2314 illum
2394 2249 2459 2313 id
2506 2249 2762 2329 fecisse,
2813 2266 2964 2331 quo·

766 2352 958 2436 niam'
1022 2387 1146 2436 sua
1214 2368 1737 2450 Phaedromique
1805 2369 2130 2434 interesse
2190 2345 2665 2435 arbitraretur:
2731 2370 2965 2436 Thera-

765 2491 1147 2572 pontigono,
1187 2490 1434 2571 opinor,
1479 2491 1718 2570 utpote
1748 2491 1862 2571 qui
1885 2489 2271 2556 Planesium
2296 2494 2573 2572 amaret,
2603 2491 2965 2558 diffidebat.

766 2611 947 2693 Quod
1010 2611 1081 2676 in
1140 2611 1378 2677 lacuna
1438 2627 1833 2692 expressum
1889 2611 2236 2678 exstitisse
2283 2629 2519 2678 censeo
2566 2591 2689 2680 hoc
2732 2614 2963 2680 modo:

773 2734 1098 2819 „militem
1160 2732 1368 2813 illum,
1431 2732 1562 2797 scis
1610 2734 1767 2807 iam,
1817 2749 2014 2813 quern
2062 2732 2331 2813 saepius
2373 2732 2679 2823 lenonem
2726 2735 2966 2801 adeun-

766 2841 909 2920 tem
972 2853 1262 2919 vidimus
1324 2857 1394 2917 et
1456 2868 1656 2934 quem
1719 2826 2004 2919 Planesii
2060 2870 2261 2920 causa
2307 2854 2371 2919 id
2418 2856 2632 2939 facere
2680 2858 2968 2936 suspica-

766 2976 1069 3040 bamur”.
1158 2975 1328 3055 Quin
1414 2975 1539 3040 hoc
1608 2976 2015 3059 statuamus,
2091 2976 2254 3041 nihil
2324 2977 2643 3043 nimirum
2718 2980 2963 3064 obstat,

765 3096 938 3177 quod
1008 3114 1110 3162 vs.
1173 3094 1302 3162 357
1377 3096 1829 3162 Phaedromus
1892 3096 2169 3162 audiens
2230 3097 2515 3163 militem
2577 3098 2964 3167 Planesium

766 3217 1132 3292 invocasse,
1179 3219 1545 3284 exclamat:
1606 3236 1918 3304 „meosne
1965 3236 2227 3284 amores
2244 3220 2321 3283 ‘?”
2393 3220 2755 3303 Hucusque
2802 3222 2965 3287 mili-

766 3343 908 3406 tem
969 3343 1246 3407 tantum
1309 3344 1657 3422 tamquam
1722 3340 2000 3406 rivalem
2050 3343 2411 3425 metuebat,
2467 3360 2647 3409 nunc
2692 3344 2965 3410 demum

765 3462 943 3528 haud
988 3462 1260 3527 inanem
1307 3461 1494 3527 illum
1543 3478 1693 3527 esse
1739 3463 2052 3528 timorem
2098 3480 2215 3544 pro
2262 3467 2443 3529 certo
2491 3466 2849 3543 cognoscit.

854 3783 955 3830 vs.
1007 3754 1138 3829 364
1186 3784 1282 3846 sq.
1333 3766 1652 3830 Narravit
1690 3767 2048 3845 parasitus,
2088 3768 2413 3847 quomodo
2451 3767 2650 3833 militi
2686 3770 2962 3835 anulum

767 3886 1163 3951 subduxerit
1223 3889 1425 3968 atque
1479 3886 1714 3950 deinde
1761 3903 1833 3951 se
1878 3888 2296 3968 proripuerit.
2369 3889 2539 3954 Tum
2588 3894 2964 3970 sequuntur

767 4007 960 4072 haec:

947 4187 1088 4252 PH.
1151 4186 1397 4253 Laudo,
1462 4187 1532 4253 C.
1596 4186 1914 4271 Laudat0‚
1988 4191 2251 4270 quando
2317 4189 2476 4256 illud
2543 4193 2713 4274 quod
2775 4194 2965 4274 cupis

2553 4312 2866 4389 [effecero.

948 4431 1199 4496 Eamus
1247 4448 1423 4495 nunc
1469 4431 1667 4506 intro,
1715 4433 1797 4495 ut
1842 4431 2121 4497 tabellas
2167 4432 2652 4514 consignemus
