3450 5350
1821 589 1907 654 60

757 751 938 849 Quae
998 772 1264 851 recepta
1311 770 1420 836 illa
1464 773 1843 838 coniectura
1890 789 1974 838 ex
2022 773 2128 838 1116
2177 771 2483 837 versibus
2529 772 2710 836 nullo
2761 772 2951 838 modo

756 890 1037 986 extundi
1091 909 1304 975 posse,
1355 893 1794 959 manifestum
1842 899 1966 960 est.
2017 897 2243 974 Atque
2286 901 2404 958 cur
2447 891 2625 976 Lyco
2671 911 2951 974 puerum

755 1027 976 1093 emere
1038 1013 1274 1093 cupit‘?
1335 1015 1478 1080 Hoc
1535 1016 1743 1082 taceri
1806 1033 1940 1082 non
2002 991 2286 1098 poterat.
2350 1016 2790 1097 Quamobrem
2843 1016 2950 1082 ille

757 1149 977 1199 emere
1029 1135 1280 1216 cupiat,
1325 1152 1446 1216 ego
1490 1136 1758 1218 quidem
1806 1139 1974 1203 scire
2022 1138 2181 1204 mihi
2238 1138 2479 1215 videor,
2530 1137 2741 1218 neque
2787 1141 2951 1219 puto

665 1280 673 1286 ·
757 1271 914 1320 eum
973 1254 1040 1320 id
1101 1257 1413 1338 tacuisse,
1476 1258 1590 1322 sed
1655 1257 1925 1324 disertis
1978 1260 2201 1325 verbis
2245 1259 2736 1340 pronuntiasse,
2783 1276 2953 1340 quae

757 1375 1074 1456 quoniam
1119 1393 1252 1442 non
1300 1377 1371 1442 in
1418 1382 1614 1444 textu
1659 1379 1993 1458 leguntur,
2042 1381 2504 1446 interciderint
2528 1397 2800 1447 necesse
2824 1383 2951 1446 est.

671 1569 676 1574 ,
758 1496 979 1562 Versu
1023 1497 1207 1562 enim
1252 1497 1383 1562 389
1432 1497 1737 1566 Curculio
1781 1501 1924 1582 ipse
1974 1519 2047 1568 se
2092 1502 2481 1582 interrogat,
2524 1502 2675 1584 quis
2713 1502 2822 1566 ille
2861 1502 2955 1567 sit

759 1617 975 1693 hom0,
1015 1618 1129 1699 qui
1168 1618 1643 1701 Aesculapium
1684 1619 1957 1688 salutat.
2008 1622 2142 1688 Cur
2178 1625 2409 1688 autem
2448 1622 2703 1688 salutat
2725 1623 2902 1705 Lyco
2919 1622 2953 1686 ‘2

759 1738 908 1805 Non
989 1740 1158 1806 satis
1239 1741 1404 1805 mihi
1470 1741 1802 1809 illustrare
1869 1744 2031 1810 illud
2097 1744 2413 1810 vident-ur
2482 1762 2653 1826 quae
2721 1744 2955 1810 dicunt

759 1859 1015 1926 Ussme
1060 1861 1166 1927 vel
1213 1861 1504 1940 SOLTAU,
1551 1880 1838 1944 quorum
1882 1863 2011 1931 1116,
2035 1867 2353 1930 annotat:
2420 1865 2639 1951 „Lyco
2684 1882 2953 1930 censen·

758 1982 905 2046 dus<
929 1986 1052 2066 est,
1083 2000 1313 2064 ⁴quum
1362 1984 1464 2049 dei
1501 1984 1735 2050 aedem
1773 1987 2184 2066 praeteriret,
2225 1986 2497 2051 solitum
2536 1987 2597 2052 ei
2636 1987 2951 2052 honorem

759 2105 1139 2188 tribuisse”,
1201 2105 1342 2172 hic:
1411 2106 1925 2192 „Aesculapium
1974 2109 2321 2184 salutavit,
2368 2126 2578 2190 quum
2625 2107 2953 2190 templum

758 2224 918 2291 illud
985 2227 1488 2293 celeberrimum
1558 2229 1941 2311 Aesculapii
2010 2247 2209 2310 prope
2271 2230 2698 2311 Epidaurum,
2764 2229 2956 2293 cuius

760 2349 1013 2415 mentio
1075 2349 1469 2430 saepissime
1528 2351 1598 2416 in
1658 2351 1918 2416 scaenis
1978 2351 2305 2432 prioribus
2364 2353 2510 2417 erat
2573 2350 2679 2434 (cf.
2729 2367 2795 2414 v.
2852 2351 2953 2413 14.

763 2470 912 2534 204.
965 2471 1120 2553 217)
1167 2472 1622 2552 praeteriret”.
1673 2472 1848 2538 Nam
1895 2473 1954 2538 si
2003 2490 2147 2538 mos
2194 2474 2363 2548 erat,
2409 2475 2491 2536 ut
2535 2474 2956 2553 praetereun-

760 2595 868 2658 tes
915 2593 1242 2675 templum
1291 2593 1672 2676 Aesculapii
1716 2594 1916 2659 deum
1964 2595 2357 2675 salutarent,
2399 2611 2516 2659 cur
2554 2594 2719 2659 nihil
2757 2594 2957 2658 huius

759 2716 855 2781 rei
914 2718 1170 2781 ceteras
1231 2716 1492 2782 fabulae
1544 2733 1865 2798 personas
1917 2717 2239 2783 facientes
2285 2717 2671 2782 cernimus?
2718 2715 2959 2796 Quidni

762 2840 991 2904 nostro
1049 2838 1188 2904 loco
1250 2838 1556 2904 Curculio
1617 2838 1794 2904 idem
1854 2838 2014 2905 facit
2060 2838 2232 2920 quod
2280 2839 2509 2921 Lyco?
2558 2838 2703 2904 Non
2750 2838 2959 2920 igitur

761 2976 1015 3024 morem
1077 2960 1281 3025 fuisse
1343 2960 1661 3040 arbitron
1710 2976 1865 3039 ergo
1910 2960 2111 3025 aliam
2156 2977 2430 3025 causam
2476 2978 2625 3027 esse
2669 2963 2955 3041 oportet,

761 3098 878 3147 cur
922 3080 1100 3165 Lyco
1145 3082 1346 3147 deum
1395 3082 1676 3162 salutet3
1728 3098 1897 3163 quae
1942 3098 2145 3147 causa
2192 3098 2320 3147 non
2368 3082 2499 3147 alia
2541 3084 2767 3163 potest
2804 3099 2955 3147 6666

761 3220 963 3284 quam
1026 3204 1316 3268 morbus.
1381 3202 1676 3287 Eandem
1739 3206 1971 3269 autem
2018 3204 2100 3268 ob
2148 3220 2420 3269 causam
2468 3221 2751 3283 puerum
2797 3220 2953 3269 eum

761 3340 982 3389 emere
1027 3342 1268 3406 cupere
1315 3340 1570 3389 censeo.
1622 3324 2011 3405 Verborum,
2054 3340 2222 3404 quae
2246 3324 2605 3407 perierunt,
2634 3324 2796 3390 haec
2820 3325 2956 3390 fere

763 3446 1100 3511 sententia
1145 3462 1294 3511 6666
1340 3445 1572 3510 debet:

1034 3566 1240 3647 Cupio
1296 3576 1352 3632 <
1361 3568 1660 3641 autem>
1713 3564 2000 3646 aliquem
2048 3580 2268 3630 emere
2306 3582 2608 3646 puerum,
2648 3566 2763 3647 qui
2801 3582 2956 3631 usu·

943 3688 1138 3753 rariis
1168 3686 1215 3770 ¹)
1257 3704 1440 3753 nunc
1477 3686 1647 3751 ‘mihi
1674 3686 2023 3769 provideat
2052 3686 2362 3769 pecuniis
2376 3708 2404 3767 ,·
2443 3704 2605 3751 nam
2648 3689 2962 3769 quoniam

942 3810 1081 3873 iam
1121 3808 1242 3873 diu
1279 3810 1588 3889 acyrotus
1625 3826 1801 3882 sum,
1843 3825 1946 3872 me
1979 3824 2357 3889 procurare
2394 3807 2565 3887 υοῑο,·
2603 3780 2761 3872 iam*
2783 3824 2967 3873 nunc

835 4005 892 4074 1)
941 4005 1194 4058 usurariis
1241 4001 1489 4057 traditum
1540 4004 1622 4055 est
1655 4000 1710 4055 in
1744 4001 1773 4055 I
1787 4000 1845 4055 F.
1885 4000 2029 4054 Fieri
2063 4004 2239 4055 autem
2276 4000 2494 4055 fortasse
2530 4002 2721 4071 potest,
2758 4002 2819 4054 ut
2854 4017 2969 4052 usu·

764 4094 936 4145 rarius
979 4108 1106 4145 vera
1151 4089 1220 4144 sit
1272 4088 1444 4143 lectio.
1495 4088 1792 4153 Usurarius,
1829 4088 1937 4141 sive
1972 4085 2228 4142 adiective
2264 4086 2499 4141 iunctum
2538 4104 2655 4141 cum
2689 4104 2820 4156 puer
2856 4085 2967 4139 sive

763 4177 1085 4234 substantive
1139 4175 1429 4232 adhibitum
1486 4174 1573 4241 (cf.
1629 4191 1672 4228 6.
1713 4194 1763 4244 g.
1819 4172 2113 4241 ‘not-arius)
2169 4172 2387 4227 fortasse
2436 4178 2609 4244 potest
2642 4190 2755 4226 6666
2791 4171 2966 4235 homo,

763 4264 855 4337 qui
903 4282 1082 4319 curam
1130 4262 1291 4318 habet
1337 4278 1626 4315 usurarum.
1679 4260 1735 4314 Si
1772 4259 1871 4314 hoc
1908 4258 2185 4331 legendum
2223 4264 2319 4326 est,
2356 4278 2460 4313 non
2501 4259 2627 4313 mihi
2661 4258 2967 4314 incredibile

765 4351 975 4405 videtur
1010 4367 1183 4405 vocem
1220 4348 1467 4419 ambigue
1504 4352 1809 4413 usurpatam
1850 4363 1977 4415 esse,
2012 4346 2147 4399 sicut
2182 4345 2375 4417 Amph.
2413 4348 2515 4401 498
2536 4346 2788 4401 Alcmena
2824 4343 2977 4412 Iovis,

765 4434 959 4492 dicitur
997 4453 1162 4502 „uxor
1198 4432 1486 4509 usuraria’s
1503 4432 1592 4503 (cf.
1632 4432 1853 4487 Somni
1891 4450 1940 4503 p.
1981 4433 2011 4485 8
2048 4449 2167 4486 ann.
2207 4432 2279 4501 2).
