3450 5350
1792 541 1918 606 104

752 730 1015 809 praeter
1072 726 1291 792 locum
1352 726 1766 792 Curculionis
1826 726 2088 791 nullum
2149 727 2324 807 apud
2387 743 2544 791 eum
2606 727 2950 792 invenitur

752 850 1135 932 exemplum
1195 866 1393 915 casus
1439 849 1684 930 obliqui
1732 848 1964 915 Graeci
2012 850 2304 915 nominis
2348 849 2416 914 in
2463 867 2566 914 -or
2609 849 2947 914 exeuntis.

840 972 1289 1053 Posteaquam
1336 972 1550 1051 magis
1598 971 1850 1036 versari
1896 974 2256 1052 coeperunt
2299 988 2452 1036 oum
2494 970 2784 1052 Graecis,
2825 972 2948 1037 Ro·

752 1095 934 1160 mani
988 1094 1251 1160 illorum
1300 1094 1683 1159 nominibus
1732 1095 2105 1158 Romanam
2149 1094 2605 1175 quantitatem
2651 1095 2946 1160 tribuere
3058 1180 3063 1185 ἱ

751 1215 1114 1281 desierunt.
1184 1215 1365 1296 Quod
1412 1233 1449 1281 e
1494 1214 1708 1297 poetis
1755 1214 2049 1295 primum
2093 1214 2326 1281 fecisse
2372 1216 2655 1280 Aeolum
2691 1216 2946 1297 perspi-

752 1338 927 1403 citur
972 1353 1009 1402 3
1058 1337 1380 1404 Varronis
1424 1337 1813 1402 testimonio
1860 1338 1941 1402 de
1990 1336 2272 1403 Valerio.

843 1460 1068 1525 Etiam
1127 1460 1409 1525 LANGEN
1440 1457 1488 1543 ¹)
1553 1459 1625 1523 in
1688 1474 1932 1525 scaena
1992 1462 2224 1525 nostra
2283 1457 2637 1525 nonnullas
2683 1460 2948 1555 invenit

754 1579 1095 1645 molestias
1163 1579 1601 1661 prosodiacas.
1674 1578 1884 1644 Putat
1943 1579 2123 1645 enim
2185 1566 2469 1645 formam
2531 1583 2948 1646 contractam

752 1701 918 1766 dites
982 1719 1081 1766 vs.
1133 1700 1262 1765 472
1310 1703 1381 1765 et
1424 1698 1556 1766 475
1600 1703 1672 1765 et
1719 1701 1852 1765 485
1899 1717 2033 1765 non
2080 1715 2229 1765 esse
2274 1701 2676 1779 Plautinam‚
2725 1702 2824 1767 ita
2868 1705 2950 1766 ut

751 1823 891 1887 iam
934 1839 1085 1888 eam
1130 1824 1212 1887 ob
1256 1839 1532 1895 oausam
1576 1822 1722 1887 illos
1769 1839 2010 1887 versus
2048 1822 2461 1889 damnandos
2484 1840 2631 1890 esse
2655 1827 2947 1890 censeat.

753 1945 929 2010 Nam
976 1944 1181 2010 etia‘m
1231 1944 1414 2009 Trin.
1462 1943 1612 2026 829,
1663 1943 1778 2009 ubi
1823 1943 2036 2009 forma
2081 1946 2426 2010 contracta
2471 1945 2794 2027 bisyllaba
2842 1963 2947 2011 ne-

752 2066 1041 2131 cessaria
1102 2069 1230 2141 est,
1290 2065 1597 2147 spurium
1655 2065 1857 2148 ducit,
1923 2068 2124 2146 atque
2185 2084 2320 2131 non
2378 2066 2594 2133 solum
2640 2084 2744 2133 vs.
2795 2070 2944 2150 829,

754 2188 869 2253 sed
930 2188 1137 2252 etiam
1201 2189 1353 2263 828,
1412 2188 1539 2253 831
1593 2188 1800 2270 (huno
1847 2205 2002 2253 cum
2050 2188 2342 2267 ΒΒῙΧΙΟ),
2390 2189 2540 2270 832,
2589 2191 2658 2255 in
2707 2189 2950 2271 quibus

754 2309 968 2375 multa
1015 2315 1199 2386 sunt,
1249 2326 1418 2392 quae
1466 2328 1621 2376 eum
1669 2310 2030 2375 offendant.
2080 2309 2209 2375 Sed
2255 2312 2644 2393 priusquam
2692 2313 2774 2377 de
2821 2313 2950 2377 sin·

753 2430 925 2510 gulis
969 2432 1213 2512 loquar,
1254 2435 1479 2497 totum
1517 2432 1737 2497 locum
1760 2432 2167 2514 exscribam,
2213 2434 2344 2497 825
2407 2451 2547 2515 sqq.
2603 2437 2951 2516 totamque

755 2570 976 2619 meam
1015 2554 1093 2620 de
1140 2552 1247 2619 illo
1294 2554 1820 2635 disputationem
1865 2553 1938 2617 in
1983 2570 2236 2619 novum
2283 2556 2619 2621 conferam
2665 2559 2886 2637 eaput.

826 2801 885 2868 1)
920 2798 1168 2870 Beitrsge
1202 2817 1254 2870 p.
1294 2799 1413 2853 280.
