3450 5350
1819 594 1945 657 loo

786 788 868 837 ex
934 772 1210 853 pecunia
1267 772 1615 855 attributa,
1663 773 1778 837 sed
1824 791 1908 838 ex
1956 773 2429 840 damnatorum
2476 775 2775 856 pecunia.
2824 776 2974 840 Jon-

786 910 924 958 nAN
992 895 1223 959 contra
1267 894 1609 959 contendit
1653 910 1740 959 ex
1784 895 1907 960 1100
1951 896 2232 976 pecunia
2279 896 2491 961 scalas
2536 895 2737 961 deum
2781 912 2976 976 pena-

670 1029 675 1037 ’
785 1015 959 1080 tium
1018 1014 1401 1080 aedificatas
1464 1032 1632 1098 esse,
1696 1033 1813 1097 pro
1877 1018 2149 1083 macello
2196 1017 2549 1097 pecuniam
2593 1034 2679 1081 ex
2725 1018 2975 1082 aerario

784 1136 1286 1202 attribuendam
1322 1137 1548 1214 fuisse,
1588 1141 1658 1203 et
1693 1138 2050 1204 macellum
2097 1138 2409 1205 Varronis
2448 1138 2761 1220 Festique
2799 1138 2977 1204 idem

785 1274 933 1324 esse
977 1262 1180 1339 atque
1227 1258 1441 1325 forum
1489 1260 1921 1341 piscatorium
1967 1259 2160 1326 Livii.
2234 1260 2392 1325 Mihi
2438 1259 2654 1325 forum
2700 1259 2976 1340 piscato-

784 1380 963 1444 rium
1031 1397 1187 1461 pars
1256 1379 1480 1460 potius
1538 1380 1794 1447 macelli
1854 1382 2123 1447 videtur
2153 1378 2236 1466 ¹);
2299 1398 2430 1447 non
2492 1384 2724 1447 autem
2783 1383 2977 1447 oredo

784 1502 960 1567 Livii
1020 1502 1239 1568 locum
1298 1505 1477 1567 recte
1537 1503 1868 1568 traditum
1911 1519 2095 1584 esse;
2144 1503 2300 1584 quid
2345 1503 2527 1567 enim
2575 1506 2712 1568 est:
2768 1502 2977 1589 „locat

785 1625 1000 1689 forum
1059 1624 1493 1705 piscatorium
1554 1624 1985 1691 circumdatis
2047 1624 2386 1690 tabernis''
2403 1625 2438 1689 ‘?
2493 1624 2974 1704 Intelligerem:

790 1796 821 1832 „
843 1745 1266 1811 aedificat
1335 1747 1552 1811 forum
1623 1747 2056 1827 piscatorium
2127 1746 2556 1813 circumdatis
2613 1746 2976 1828 tabernis”;

784 1885 951 1948 nego
997 1872 1226 1934 autem
1271 1868 1430 1933 illud
1477 1872 1656 1935 recte
1702 1886 1775 1934 se
1822 1870 2094 1949 habere;
2142 1868 2390 1933 conicio
2415 1868 2768 1948 legendum
2793 1885 2974 1934 esse:

784 1991 1365 2057 circumdandum.
1428 1989 1795 2071 Macellum,
1879 1990 2439 2071 quemadmodum
2509 2007 2662 2055 01110
2731 2006 2976 2069 magna

784 2114 928 2179 veri
988 2113 1207 2194 specie
1268 2113 1571 2194 disputat
1632 2113 1956 2189 URLIOHS,
2019 2113 2086 2177 10
2160 2111 2382 2193 plures
2442 2128 2632 2177 areas
2685 2111 2975 2178 divisum

784 2239 948 2315 erat,
998 2235 1114 2299 ubi
1160 2234 1460 2313 singulae
1506 2251 1760 2299 meroes
1807 2234 2152 2300 venibant.
2201 2231 2512 2313 Suspicor
2555 2236 2786 2297 autem
2831 2232 2976 2297 Ful·

783 2355 975 2420 vium
1050 2372 1199 2421 eam
1268 2372 1512 2436 aream,
1584 2356 1699 2421 ubi
1767 2356 1984 2438 pisces
2054 2355 2325 2421 venales
2394 2358 2608 2431 erant,
2678 2354 2977 2419 tabernis

784 2477 1323 2543 circumdandam
1381 2478 1652 2543 locasse.
1737 2477 2084 2543 Macellum
2128 2477 2308 2543 enim
2354 2476 2492 2541 iam
2537 2494 2596 2541 a.
2647 2476 2778 2541 545
2825 2477 2977 2556 post

784 2599 1237 2681 praecedentis
1284 2599 1447 2665 anni
1490 2598 1875 2663 incendium
1921 2598 2242 2663 refectum
2291 2600 2457 2662 erat.
2514 2598 2817 2678 Apparet
2861 2613 2977 2677 pro

784 2723 964 2786 certo
1035 2721 1250 2785 statui
1318 2739 1448 2786 non
1518 2737 1731 2805 posse,
1804 2737 1933 2802 quo
1994 2723 2294 2802 tempore
2356 2719 2601 2794 omnia,
2663 2735 2833 2799 quae
2891 2718 2976 2783 ad

785 2843 1045 2908 victum
1105 2843 1546 2924 pertinebant,
1609 2843 1679 2908 in
1740 2861 1956 2908 unum
2000 2842 2218 2908 locum
2265 2842 2612 2907 contracta
2657 2840 2816 2905 sint.
2862 2841 2974 2904 An

783 2965 1065 3030 fortasse
1127 2964 1583 3046 accipiendum
1635 2967 1744 3030 est
1789 2982 1850 3030 a.
1902 2965 2030 3031 545
2076 2963 2295 3029 locum
2344 2962 2761 3044 privatorum
2807 2961 2976 3026 aedi·

783 3085 1101 3170 ficiorum,
1151 3103 1319 3167 quae
1364 3087 1668 3168 proximo
1716 3103 1894 3152 anno
1941 3086 2293 3151 combusta
2337 3087 2552 3164 erant,
2599 3083 2976 3148 adhibitum

783 3223 930 3272 esse
976 3211 1055 3273 ut
1100 3191 1317 3272 forum
1361 3207 1799 3289 piscatorium
1821 3207 1904 3271 ad
1929 3205 2185 3272 macelli
2210 3205 2508 3286 spatium
2533 3203 2976 3270 dilataretur?

784 3327 964 3408 Quae
1030 3330 1371 3395 sententia
1438 3346 1672 3394 revera
1741 3345 1814 3394 se
1882 3326 2348 3393 commendare
2417 3325 2687 3390 videtur
2754 3324 2978 3390 verbis

783 3448 976 3531 Livii,
1058 3450 1299 3532 quippe
1379 3450 1494 3531 qui
1570 3451 1641 3515 in
1721 3448 2050 3514 narrando
2128 3447 2433 3514 incendio
2500 3448 2978 3511 commemoret

782 3570 1062 3636 forum
1121 3571 1734 3653 piscatorium,
1801 3571 1868 3636 in
1930 3569 2289 3634 referendis
2351 3565 2512 3642 locis
2573 3567 2686 3648 qui
2748 3565 2977 3631 refecti

689 3663 731 3702 ⁸
784 3692 925 3757 sint
970 3693 1377 3759 mentionem
1422 3693 1625 3759 faciat
1670 3689 2037 3757 macelli.
2086 3688 2468 3769 Conflagrat
2506 3687 2539 3752 f
2549 3703 2783 3752 orum
2821 3687 2977 3768 pis·

783 3812 1246 3888 catorium,
1312 3814 1606 3879 reficitur
1666 3810 2144 3878 macellum.
2213 3809 2390 3874 Num
2451 3808 2655 3872 nimis
2699 3812 2976 3874 temera·

854 4095 911 4161 1)
954 4092 1038 4146 Ex
1080 4092 1317 4164 pluribus
1364 4090 1509 4160 10010,
1555 4089 1648 4145 ubi
1693 4107 1798 4144 vox
1835 4086 2036 4142 macelli
2070 4085 2354 4154 invenitur,
2391 4088 2610 4157 apparet
2643 4084 2826 4139 latiore
2859 4100 2972 4138 eam

782 4196 940 4233 sensu
974 4183 1278 4249 usurpatam
1314 4194 1453 4244 esse;
1489 4175 1553 4232 cf.
1589 4174 1846 4246 imprimis
1881 4173 2007 4228 Ter.
2043 4172 2183 4226 Eun.
2223 4172 2324 4225 255
2362 4189 2501 4243 eqq.:

927 4265 1065 4319 Dum
1100 4265 1227 4319 haec
1262 4261 1543 4336 loquimur,
1574 4262 1746 4316 intera
1780 4259 1881 4316 loci
1917 4259 1987 4314 ad
2021 4256 2296 4314 macellum
2335 4256 2426 4311 ubi
2461 4255 2819 4324 adventamus,

929 4352 1256 4408 Concurrunt
1287 4349 1411 4405 laeti
1445 4349 1519 4405 mi
1554 4349 1766 4404 obviam
1799 4343 2158 4419 cuppedinarii
2195 4361 2400 4398 omnes:

929 4437 1137 4506 Cetarii,
1169 4435 1313 4506 lanii,
1346 4435 1515 4507 coqui,
1550 4436 1790 4504 fartores,
1827 4434 2129 4506 piscator-ee.
