3450 5350
1538 586 1664 649 109

495 763 868 829 necessaria
927 766 1051 844 est,
1115 780 1329 844 neque
1391 764 1748 855 quicquam
1812 767 1938 839 est,
1993 765 2425 845 quamobrem
2471 764 2690 831 locum

498 883 803 965 spurium
850 886 1187 965 putemus.
1237 884 1538 965 Apparet
1575 884 1844 965 quidem
1882 883 2196 950 Plautum
2233 886 2518 951 formam
2556 903 2687 951 non

496 1007 911 1071 contractam
970 1004 1365 1087 praetulisse
1426 1007 1844 1087 contractae;
1905 1022 2144 1071 verum
2202 1006 2360 1072 hinc
2418 1023 2550 1071 non
2598 1023 2694 1072 se·

498 1126 749 1207 quitur,
813 1125 985 1193 hanc
1053 1126 1323 1191 omnino
1392 1127 1475 1191 ab
1537 1143 1614 1191 eo
1677 1142 1828 1191 esse
1887 1128 2201 1193 vitatam.
2266 1127 2694 1193 Contrarium

499 1246 678 1312 valet
724 1246 805 1311 de
854 1228 1181 1330 Teren'tiO,
1223 1247 1337 1328 qui
1372 1248 1579 1313 semel
1620 1217 1893 1314 tantum
1933 1247 2202 1313 adhibet
2241 1248 2525 1313 formam
2561 1265 2692 1313 non

499 1370 955 1433 contractam:
1021 1368 1286 1434 Phorm.
1350 1370 1514 1433 276:
1586 1368 1738 1455 „qui
1799 1385 1997 1450 saepe
2058 1371 2326 1449 propter
2372 1368 2697 1434 invidiam

501 1488 813 1554 adimunt
872 1488 1136 1554 diviti.”
1202 1488 1329 1555 Sed
1390 1506 1606 1572 neque
1667 1490 1813 1556 ideo
1859 1490 2038 1556 hunc
2079 1490 2256 1572 apud
2305 1489 2696 1556 Terentium

499 1626 770 1675 versum
818 1612 1240 1693 damnamus,
1281 1628 1515 1693 neque·
1534 1612 1746 1677 forma
1783 1615 2127 1678 contracta
2165 1612 2342 1693 apud
2380 1612 2696 1678 Plautum

498 1734 814 1811 suspecta
873 1748 1021 1798 esse
1081 1731 1299 1809 debet,
1362 1750 1518 1798 cum
1565 1734 1982 1815 praesertim,
2031 1733 2096 1799 id
2141 1735 2314 1816 quod
2363 1735 2506 1817 ipse
2552 1752 2700 1801 con-

500 1851 677 1917 cedit
710 1850 1016 1930 LAnonm
1055 1854 1117 1920 ei
1156 1855 1298 1919 sint
1335 1856 1659 1935 praesidio
1696 1857 1948 1923 formae
1985 1859 2366 1923 contractae
2396 1858 2696 1923 eiusdem

500 1973 781 2051 generis.
827 1975 1055 2055 Atque
1101 1974 1417 2041 Plautum
1461 1973 1643 2041 illam
1683 1980 1915 2043 notam
1951 1977 2262 2043 habuisse
2300 1982 2696 2058 argumento

499 2109 648 2158 esse
682 2098 926 2179 potest,
969 2096 1139 2177 quod
1174 2100 1245 2163 et
1284 2096 1582 2164 Naevius
1618 2115 1770 2164 eam
1808 2098 2180 2182 usurpavit,
2222 2099 2356 2164 vid.
2382 2099 2694 2165 Priscian.

500 2214 655 2297 (rec.
720 2218 889 2283 ΚΕΗ.
936 2236 999 2300 p.
1050 2218 1239 2299 235);
1295 2219 1645 2305 „Magnam
1691 2218 1968 2285 domum
2012 2219 2442 2301 decoremque
2489 2221 2698 2287 ditem

500 2341 829 2403 vexarant
868 2333 978 2417 ¹)”.

494 2508 499 2513 .
592 2458 775 2539 Quod
834 2460 917 2526 ad
977 2461 1287 2542 quintam
1354 2461 1734 2528 molestiam
1801 2464 2072 2545 attinet,
2144 2480 2300 2528 cum
2367 2463 2694 2529 LANGENO

500 2578 700 2645 facio:
763 2598 864 2647 vs.
928 2582 1059 2646 832
1121 2587 1317 2680 recte·
1361 2600 1434 2649 se
1480 2584 1722 2650 habere
1769 2602 1901 2650 non
1953 2588 2206 2667 potest;
2261 2601 2500 2651 verum
2544 2584 2696 2650 inde

499 2719 635 2768 non
683 2702 893 2770 efficio
912 2677 915 2680 ’
937 2704 1154 2770 locum
1200 2706 1506 2788 spurium
1552 2724 1738 2782 esse3
1788 2725 1948 2772 nam
1992 2724 2270 2774 versum
2315 2705 2696 2774 coniectura

504 2826 728 2890 sanari
772 2829 844 2892 et
881 2844 1075 2907 posse
1112 2830 1181 2892 et
1219 2827 1452 2893 debere
1490 2844 1748 2893 censeo.
1791 2829 1968 2894 Brux
2005 2832 2320 2895 annotat:
2368 2829 2696 2915 „infidum

501 2964 636 3011 esse
680 2950 927 3013 iterant
971 2948 1156 3014 steht
1204 2965 1285 3014 zu
1332 2949 1515 3027 fidus
1557 2951 1760 3030 fuisti
1801 2950 1872 3014 in
1909 2951 2376 3017 koncessivem
2393 2951 2696 3017 Verhalt·

503 3068 631 3144 nis,
682 3084 735 3131 S.
785 3069 935 3133 292.
974 3071 1223 3135 iterant
1246 3099 1327 3124 =
1354 3072 1600 3135 iterum
1637 3072 2012 3154 iterumque
2047 3071 2278 3137 dicunt
2314 3072 2408 3137 ist
2445 3072 2698 3138 selten:

433 3233 438 3236 -
501 3189 745 3254 Pacuv,
794 3190 873 3254 fr.
904 3165 1056 3256 '370
1103 3190 1293 3256 Ribb.
1345 3186 1616 3256 Caecam
1655 3192 2048 3270 (fortunam)
2086 3193 2160 3258 ob
2195 3211 2340 3258 eam
2380 3209 2524 3258 rem
2563 3212 2700 3259 6886

497 3313 761 3394 iterant,
812 3313 974 3393 quia
1021 3311 1121 3376 nil
1167 3314 1415 3394 cernat,
1458 3329 1583 3394 quo
1620 3330 1759 3377 sese
1796 3313 2141 3396 adplicet.”
2190 3314 2290 3379 At
2326 3319 2702 3396 possuntne

497 3433 668 3498 duae
705 3432 1105 3509 sententiae,
1151 3432 1329 3498 inter
1375 3448 1541 3514 quas
1586 3434 1756 3498 ratio
1802 3434 2158 3500 intercedit
2208 3435 2696 3520 „concessiva”,

503 3554 599 3620 sic
644 3529 977 3623 ἓὶσυνδέτως
1027 3554 1383 3634 componi?
1438 3553 1558 3618 Vs.
1610 3553 1739 3619 292
1787 3557 1857 3620 et
1906 3554 2037 3620 645
2085 3573 2207 3636 sq„
2254 3573 2422 3637 quos
2466 3557 2697 3622 laudat

502 3676 681 3742 Bmx
725 3675 919 3741 aliter
965 3692 1037 3741 se
1084 3675 1354 3741 habent.
1402 3673 1577 3740 Sunt
1622 3651 2008 3756 enuntiata
2048 3694 2216 3756 quae
2254 3675 2554 3756 ἀσυνδέτῳ
2593 3678 2699 3743 ad·

502 3796 842 3862 versativo
902 3796 1387 3863 coordinantur.
1451 3794 1561 3860 Sic
1620 3799 1690 3860 et
1751 3812 1854 3861 vs.
1917 3795 2048 3862 832
2109 3795 2391 3877 intelligi
2451 3802 2696 3882 posset,

503 3917 636 3982 nisi
696 3921 1086 3998 sequeretur
1154 3934 1351 4003 „nam
1415 3918 1663 3998 absque
1726 3917 1899 3982 foret
1960 3920 2031 4004 te
2085 3934 2144 3983 e.
2192 3936 2255 4000 q.
2304 3917 2404 3984 s.”
2468 3919 2697 4002 Neque

503 4007 770 4119 potest'
813 4039 1105 4117 infidum
1173 4056 1309 4103 esse
1374 4040 1622 4103 iterant
1690 4038 1759 4102 in
1825 4039 2207 4120 parenthesi
2275 4040 2464 4120 poni;
2537 4056 2696 4104 nam

500 4159 743 4224 acriter
790 4160 1147 4242 opponitur
1192 4159 1273 4236 τῷ
1319 4159 1501 4236 fidus
1548 4157 1763 4236 fuisti.
1813 4156 1949 4223 Lno
1994 4159 2512 4240 interpretatur:
2567 4177 2697 4244 „re-

2367 4311 2408 4320 ..-

575 4414 631 4476 1)
667 4413 863 4466 Hnn'rz
896 4415 1155 4466 vexerant.
