3450 5350
1552 594 1679 659 125

472 792 604 842 non
652 776 866 857 possit
910 776 1030 839 aut
1074 773 1227 856 poni
1268 790 1385 855 pro
1424 791 1620 853 πᾶνα
1657 774 1826 839 item
1864 772 2062 839 Poen.
2111 774 2227 837 18:
2273 790 2442 858 „neu
2477 772 2672 839 lictor

472 898 751 962 verbum
797 898 921 961 aut
965 895 1192 974 virgae
1241 892 1637 960 muttiant.”

561 1017 945 1098 Legendum
1010 1016 1218 1096 igitur
1278 1032 1426 1081 esse
1477 1031 1595 1095 ego
1639 1032 1898 1097 quoque
1943 1033 2060 1096 pro
2105 1017 2227 1081 aut
2271 1032 2509 1082 censeo
2555 1033 2671 1090 an,

471 1155 709 1205 verum
756 1139 985 1205 omnia
1031 1137 1249 1203 danda
1296 1136 1494 1203 militi
1540 1140 1610 1203 et
1658 1137 1756 1203 sio
1801 1136 2382 1216 distinguendum:

654 1260 754 1326 Ne
801 1265 871 1326 te
918 1260 1013 1325 mi
1057 1260 1262 1325 facias
1306 1260 1612 1325 ferocem.
1660 1276 1748 1323 an
1794 1257 2160 1339 supplicare
2197 1274 2470 1323 censeas
2487 1259 2522 1322 ‘a’

476 1382 519 1447 i.
546 1398 601 1447 e.
651 1400 783 1449 non
828 1385 899 1448 te
943 1382 1089 1448 sino
1134 1384 1203 1445 te
1248 1380 1414 1446 mihi
1458 1379 1671 1445 facere
1714 1380 2018 1454 ferocem,
2071 1380 2200 1444 nisi
2236 1378 2408 1444 forte
2445 1394 2674 1445 censes

479 1521 587 1571 me
635 1504 1167 1586 supplicaturum
1212 1519 1379 1569 esse.

564 1764 665 1812 vs.
716 1745 846 1812 543
896 1764 1037 1828 sqq.

658 1869 800 1933 ΤΗ.
847 1869 1027 1935 Scire
1073 1868 1221 1934 volo
1266 1868 1423 1950 quoi
1470 1867 1835 1935 reddidisti.
1882 1866 1958 1931 L.
2006 1868 2221 1933 Lusco
2256 1867 2494 1933 liberto
2534 1870 2672 1943 tu0‚

656 1990 724 2055 Is
771 1989 1216 2055 Summanum
1260 2006 1333 2055 se
1379 1989 1604 2055 vocari
1647 1989 1841 2065 dixit,
1889 1988 1952 2053 ei
1995 1987 2265 2064 reddidi,

480 2109 611 2177 545
658 2111 783 2193 Qui
847 2112 971 2177 has
1039 2110 1314 2177 tabellas
1375 2112 1768 2193 obsignatas
1827 2110 2083 2177 attulit.
2147 2110 2290 2175 ΤΗ.
2353 2110 2533 2192 Quas
2593 2112 2671 2175 tu

2047 2231 2238 2310 [mihi
2285 2229 2585 2307 tabellas,

648 2354 826 2436 Quos
862 2357 942 2420 tu
973 2354 1138 2421 mihi
1160 2354 1381 2421 luscos
1404 2352 1697 2435 libertos
1716 2371 1885 2435 quos
1907 2352 2310 2419 Summanos
2333 2352 2674 2419 somnias?

657 2474 718 2540 N
720 2492 794 2542 eo
840 2475 1004 2542 mihi
1050 2476 1318 2558 quidem
1362 2473 1642 2540 libertus
1687 2471 1913 2539 ullust.
1954 2471 2029 2536 L.
2071 2472 2265 2538 Facis
2299 2472 2673 2553 sapientius

656 2596 869 2679 Quam
938 2615 1093 2680 pars
1158 2597 1496 2678 lenonum,
1567 2595 1842 2662 libertos
1906 2594 2021 2677 qui
2093 2594 2346 2660 habent
2418 2597 2490 2659 et
2556 2612 2671 2661 eos

2219 2716 2581 2795 [deserunt.

660 2839 828 2923 Quid
874 2841 1000 2907 feci
1043 2841 1216 2923 quod
1264 2839 1604 2907 mandasti
1650 2839 1796 2915 feci,
1845 2839 1947 2904 tui
1991 2838 2258 2904 honoris
2304 2840 2539 2924 gratia,

420 3045 425 3050 ,
481 2961 611 3029 550
658 2963 870 3030 Tuom
938 2963 1053 3046 qui
1112 2963 1384 3043 signum
1445 2962 1528 3028 ad
1596 2978 1705 3026 me
1767 2959 2130 3044 attulisset,
2201 2960 2518 3026 nuntium
2587 2979 2672 3028 ne

2151 3086 2578 3164 [spernerem.
2689 3127 2696 3137 ·

567 3206 687 3272 Vs.
754 3205 884 3273 545
944 3205 1265 3272 Wnrsnm
1328 3205 1544 3271 secuti
1602 3203 1897 3286 plerique
1924 3251 1934 3260 .
1958 3203 2088 3269 viri
2147 3203 2327 3270 docti
2371 3204 2674 3285 spurium

474 3332 743 3410 putant.
790 3328 1104 3395 Nonnulli
1149 3332 1384 3394 autem
1430 3344 1704 3392 versum
1752 3321 2016 3402 ἄμετρον
2061 3327 2416 3392 emendare
2455 3328 2680 3393 conati

418 3509 423 3514 .
478 3453 664 3516 sunt.
728 3448 972 3517 LouAN
996 3450 1049 3534 1)
1111 3453 1182 3516 et
1234 3451 1530 3514 Rirsom.
1558 3444 1610 3527 ²)
1656 3465 1776 3529 pro
1821 3448 2091 3513 tabellas
2136 3447 2208 3512 in
2253 3447 2386 3513 fine
2434 3464 2672 3514 versus

474 3572 710 3653 legunt
754 3573 1032 3657 tabulas,
1082 3573 1255 3654 quod
1300 3571 1622 3638 collocant
1668 3571 1739 3635 in
1785 3569 1980 3636 initio
2025 3586 2264 3635 versus
2310 3573 2673 3652 sequentis,

477 3698 547 3762 et
592 3695 813 3761 delent
857 3694 1057 3760 huius
1108 3711 1345 3760 versus
1389 3693 1597 3759 verba
1634 3695 1706 3757 tu
1746 3691 1932 3756 mihi.
1981 3688 2107 3756 Sed
2147 3708 2379 3757 vocem
2417 3693 2674 3758 tabulae

479 3831 612 3880 non
673 3815 851 3880 idem
916 3814 1136 3881 valere
1198 3818 1401 3898 atque
1453 3813 1717 3879 tabellae
1763 3816 1835 3878 et
1879 3830 1997 3894 per
2040 3829 2114 3879 se
2159 3813 2520 3879 verisimile
2566 3817 2674 3879 est

480 3939 550 4000 et
608 3935 880 4017 insuper
941 3935 1429 4003 demonstravit
1494 3933 1792 4000 Sci-mm
1824 3934 1895 4018 ³).
1961 3933 2143 4030 Quod
2205 3952 2363 4000 vero
2409 3935 2517 4000 hic
2565 3936 2670 4001 vir

547 4185 603 4252 1)
640 4183 677 4238 l.
712 4183 747 4240 1.
782 4203 832 4256 p.
873 4186 957 4240 34.

546 4272 602 4340 2)
639 4268 843 4343 Proleg.
884 4270 1033 4325 Trin.
1070 4268 1151 4324 ed.
1190 4268 1233 4323 L
1272 4285 1321 4340 p.
1359 4267 1481 4321 136.

546 4359 604 4426 3)
641 4356 977 4422 Quaestiones
1026 4356 1091 4410 de
1136 4352 1500 4428 pronominum
1543 4350 2072 4406 demonstrativorum
2108 4349 2287 4411 formis
2323 4349 2581 4407 Plautinis
2616 4370 2670 4424 p.

474 4445 540 4499 58
578 4461 688 4516 sqq.
