3450 5350
1814 595 1901 658 20

763 792 839 841 eo
876 774 1034 857 1000,
1075 777 1191 842 ubi
1226 779 1519 842 traditus
1557 781 1681 860 est,
1718 779 2076 843 molestum
2114 795 2293 843 esse:
2333 778 2481 843 leno
2521 794 2653 842 non
2693 792 2958 856 respon·

762 897 926 962 dens
970 897 1130 963 iocis
1179 899 1355 964 servi
1395 899 1747 978 fingendus
1784 902 1892 964 est
1930 899 2152 964 subito
2192 899 2408 964 dolore
2446 897 2637 962 lienis
2675 897 2955 961 affectus

762 1021 832 1082 et
894 1021 975 1083 ut
1033 1020 1262 1100 opinor
1317 1038 1521 1086 manu
1586 1038 1736 1086 eam
1798 1021 2087 1101 corporis
2147 1023 2429 1100 partem,
2485 1020 2600 1083 ubi
2644 1018 2778 1084 lien
2827 1021 2954 1092 est,

743 1158 1074 1220 premens
1113 1146 1182 1207 et
1207 1143 1401 1207 vultu
1426 1143 1617 1223 pleno
1641 1141 1881 1207 doloris
1902 1142 2317 1207 lamentans:
2351 1141 2520 1226 „lien
2544 1139 2954 1206 dierectust''

761 1261 868 1345 (de
929 1280 1090 1328 voce
1145 1263 1468 1328 dierectus
1529 1263 1838 1328 videatur
1899 1263 2117 1346 infra).
2180 1263 2287 1327 Ad
2342 1280 2510 1344 quae
2563 1262 2947 1327 Palinurus:

765 1383 1094 1467 „ambula‚
1133 1383 1196 1449 id
1241 1383 1396 1449 lieni
1433 1383 1929 1465 optumumst.”
1968 1384 2151 1465 Quod
2184 1385 2405 1450 Gron‘rz
2440 1383 2706 1449 Celsum
2736 1384 2947 1468 affert,

759 1509 838 1570 ut
899 1505 1315 1572 demonstret
1373 1506 1764 1571 Palinurum
1823 1505 2043 1571 lenoni
2096 1507 2528 1570 saluberrima
2574 1504 2731 1570 dare
2775 1522 2955 1585 prae-

759 1631 971 1709 cepta,
1015 1628 1186 1709 quod
1225 1631 1296 1692 et
1335 1644 1450 1708 per
1498 1645 1571 1692 se
1609 1629 1990 1708 spectatum
2028 1643 2159 1692 non
2198 1627 2557 1692 admodum
2591 1626 2951 1691 verisimile

757 1751 882 1828 est,
923 1765 1080 1813 cum
1117 1747 1471 1813 Palinurus
1509 1747 1726 1813 lenoni
1768 1748 2047 1812 minime
2093 1746 2452 1813 benevolus
2476 1749 2587 1828 sit,
2614 1747 2680 1812 id
2705 1746 2952 1813 nullius

757 1886 904 1934 esse
950 1869 1116 1935 mihi
1160 1869 1427 1933 videtur
1481 1869 1828 1934 momenti.
1902 1869 2158 1950 Quaero
2210 1869 2412 1945 enim,
2467 1869 2716 1946 ideone,
2778 1870 2951 1951 quod

756 1989 988 2057 Celsus
1027 1990 1296 2056 lienosis
1331 1991 1880 2056 exercitationem
1912 1996 1982 2055 et
2004 1990 2296 2055 laborem
2319 1991 2656 2072 praecipit,
2683 1994 2950 2071 poetam

755 2129 1011 2195 quoque
1071 2113 1195 2178 hoc
1255 2116 1683 2194 praeceptum
1747 2117 1984 2178 notum
2046 2112 2359 2177 habuisse
2405 2115 2687 2177 constet.
2736 2113 2951 2178 Immo

756 2235 1111 2300 statuerim
1175 2235 1401 2315 poti-us
1469 2234 1808 2299 hominem
1880 2234 2242 2299 medicinae
2301 2234 2705 2315 imperitum,
2771 2235 2949 2299 haud

753 2359 983 2420 tamen
1031 2355 1452 2434 ignorantem
1493 2355 1761 2435 saepius
1821 2370 1905 2418 ex
1947 2354 2142 2419 celeri
2178 2371 2375 2419 cursu
2423 2355 2618 2419 lienis
2663 2354 2951 2420 dolorem

753 2476 1095 2560 exsistere,
1148 2475 1666 2542 ambulationem
1713 2475 1962 2540 lienoso
2003 2476 2233 2540 obesse
2277 2478 2555 2556 putasse
2604 2476 2709 2557 (cf.
2752 2476 2946 2540 Merc.

760 2599 904 2680 124,
931 2599 1044 2663 ubi
1085 2616 1322 2664 servus
1346 2598 1681 2663 Acanthio
1719 2596 2022 2679 queritur
2060 2596 2186 2662 sibi
2213 2596 2451 2662 lienem
2480 2597 2650 2679 quod
2676 2615 2949 2680 propere

751 2721 1118 2786 cucurrerit
1142 2720 1535 2785 seditionem
1560 2720 1821 2801 facere).
1848 2718 2125 2784 Accedit
2147 2719 2317 2800 quod
2340 2718 2505 2803 lene,
2532 2722 2636 2784 tot
2660 2720 2949 2801 corporis

749 2843 1052 2923 partibus
1120 2842 1448 2917 laboranS‚
1517 2841 1914 2921 praesertim
1989 2844 2218 2906 tamen
2294 2846 2562 2922 propter
2638 2847 2944 2909 ventrem

639 2958 644 2963 ’
749 2964 1153 3040 collativum,
1192 2964 1366 3029 haud
1407 2964 1595 3028 facile
1633 2979 1704 3027 se
1744 2963 2187 3028 commovisse
2217 2964 2556 3044 putandus
2578 2971 2719 3045 est;
2744 2983 2946 3046 quare

750 3086 1026 3152 minime
1075 3086 1320 3150 mirum
1368 3084 1534 3149 mihi
1579 3084 1846 3149 videtur
1882 3083 2189 3149 lenonem
2228 3084 2520 3149 Palinuri
2561 3087 2763 3152 verba
2802 3091 2943 3153 tan·

749 3225 953 3288 quam
995 3207 1370 3272 irrisionem
1417 3205 1731 3285 accipere.
1780 3204 1986 3269 Recte
2032 3204 2234 3282 igitur
2281 3206 2664 3285 respondet:
2721 3208 2945 3287 ¹‚aufer

747 3329 978 3409 istaec,
1025 3329 1339 3411 quaeso.’'
