3450 5350
1534 597 1619 663 63

479 781 708 867 „estne
745 780 852 846 hic
906 780 1036 856 ille,
1081 797 1282 861 quem
1327 794 1572 860 quaero
1589 778 1667 843 ‘2³’
1716 778 1823 843 Cf..
1842 778 2039 844 Most.
2088 780 2255 844 444:
2312 780 2466 865 „sed
2516 782 2675 863 quid

471 901 645 966 hoc?
689 900 952 966 occlusa
995 899 1198 964 ianua
1234 903 1344 966 est
1380 898 1778 982 interdius”‚
1820 916 1975 966 cum
2013 897 2217 964 Stich.
2266 901 2432 966 308:
2480 903 2674 988 „quid

470 1024 595 1090 hoc
611 1025 644 1088 9
685 1023 1021 1090 occlusam
1066 1023 1342 1088 ianuam
1389 1021 1649 1113 video.”

566 1144 672 1210 Ad
757 1143 1127 1210 tollendum
1201 1143 1466 1208 hiatum
1532 1146 1687 1224 post
1754 1144 1963 1226 capite
2029 1143 2151 1208 6111-
2210 1143 2405 1211 aliter
2472 1149 2675 1213 verba

477 1269 954 1347 transponunt,
1017 1281 1253 1331 verum
1299 1281 1735 1347 quaecunque
1780 1266 1861 1331 fit
1906 1267 2364 1350 transpositio,
2414 1284 2679 1348 semper

475 1387 722 1470 aliquid
769 1385 1035 1452 molesti
1080 1385 1246 1451 mihi
1291 1387 1527 1450 restat.
1577 1384 1744 1466 Quid
1792 1385 2081 1450 miratur
2128 1383 2484 1451 Curculio?
2530 1386 2677 1452 Non

473 1509 647 1592 quod
711 1508 1041 1590 trapezita
1099 1510 1285 1573 astat
1343 1506 1560 1598 capite
1621 1509 1885 1588 opert03
1954 1523 2113 1572 nam
2179 1507 2286 1572 hic
2336 1511 2484 1573 erat
2529 1524 2678 1573 mos

476 1627 800 1696 Romanis
835 1628 993 1694 deos
1030 1628 1302 1694 adorare
1339 1628 1558 1708 capite
1594 1630 1824 1707 operto
1854 1625 1922 1711 ¹).
1958 1627 2259 1693 1111161111·-
2280 1645 2353 1693 66
2390 1627 2677 1709 aliquem

476 1750 700 1816 videre
755 1748 1168 1815 salutantem
1231 1747 1728 1830 Aesculapium.
1801 1747 2054 1813 Tamen
2124 1751 2354 1813 noster
2416 1765 2676 1824 versus,

475 1873 653 1938 sicut
710 1869 973 1950 legitur,
1035 1887 1112 1936 eo
1138 1920 1145 1926 .-
1172 1887 1295 1935 1166
1349 1869 1638 1949 adducit,
1687 1871 1770 1933 ut
1814 1873 2136 1949 putemus
2182 1871 2414 1949 operto
2459 1871 2679 1952 capite

472 1996 771 2062 salutare
836 1992 1081 2074 aliquid
1152 1989 1300 2058 esse
1367 1990 1640 2057 insoliti.
1689 1991 2189 2072 Exspectantur
2235 1990 2430 2057 talia:
2486 1993 2675 2076 „quis

474 2116 582 2182 hic
639 2123 766 2196 est,
830 2115 945 2196 qui
1006 2113 1138 2179 illic
1195 2117 1426 2195 operto
1489 2113 1708 2192 capite
1762 2129 1855 2177 as
1872 2114 2007 2177 tat
2068 2115 2140 2176 et
2194 2111 2674 2194 Aesculapium

475 2237 726 2302 salutat
741 2235 820 2300 ?’'
884 2234 1065 2316 Quae
1126 2234 1425 2299 numeris
1485 2235 1732 2315 aptans
1785 2232 1928 2312 lego
1976 2232 2102 2298 sic:
2164 2233 2352 2317 „quis
2396 2233 2504 2299 1116
2547 2238 2677 2311 est,

474 2356 590 2438 qui
635 2359 866 2438 operto
916 2358 1283 2428 <astans>
1338 2354 1555 2435 capite
1601 2350 2080 2432 Aesculapium
2126 2351 2393 2418 Salutat
2408 2353 2486 2418 ?”

566 2478 686 2544 Vs.
751 2477 883 2541 390
947 2476 1206 2542 Ussme
1264 2474 1594 2541 desiderat
1658 2478 1813 2556 post
1876 2492 2064 2556 quem
2126 2475 2520 2556 quaerebam
2572 2476 2675 2543 de·

477 2599 1001 2664 monstrativam
1049 2597 1461 2662 sententiam
1509 2595 1696 2662 velut
1748 2595 1980 2683 „ipsus
2018 2594 2170 2660 est”
2211 2600 2331 2662 aut
2380 2597 2675 2683 ‚,video”.

483 2722 684 2809 „Eius
749 2719 932 2786 loco”
1000 2719 1099 2785 ait
1173 2717 1452 2804 „legitur
1511 2717 1797 2801 Sequere
1858 2736 1979 2799 me,
2046 2736 2215 2800 quae
2272 2719 2675 2801 interpretes

475 2861 677 2925 puero
737 2842 934 2907 alicui
993 2840 1350 2922 pedisequo
1397 2840 1576 2906 dicta
1620 2843 1889 2921 putant,
1939 2838 2275 2922 talemque
2322 2859 2677 2922 personam

473 2964 704 3031 adesse
748 2964 952 3029 etiam
1001 2962 1071 3027 in
1119 2962 1503 3027 nominibus
1548 2978 1788 3027 scenae
1834 2963 2308 3043 suprascriptis
2352 2964 2497 3030 edd.
2539 2966 2677 3047 qui-

472 3085 629 3181 dam
689 3084 1090 3165 significant,
1154 3101 1560 3165 quamquam
1609 3084 1755 3149 eius
1804 3083 2060 3150 nullum
2108 3084 2265 3150 alibi
2313 3087 2677 3167 vestigium

473 3174 818 3271 invenitur
877 3222 1003 3271 nec
1059 3205 1331 3270 omnino
1393 3204 1674 3286 parasiti
1734 3208 1843 3270 est
1896 3206 2329 3287 pedisequum
2374 3208 2691 3275 habere'’.·

475 3325 658 3407 Quod
697 3327 779 3391 ad
821 3325 1142 3392 ultimum
1183 3328 1661 3405 argumentum
1700 3326 1975 3401 attinet,
2002 3326 2169 3391 mire
2200 3327 2431 3393 fefellit
2458 3330 2683 3396 virum

478 3448 762 3514 doctum,
783 3490 787 3495 -
809 3448 1273 3514 Curculionem
1332 3448 1440 3513 hic
1483 3464 1616 3513 non
1664 3448 1968 3528 parasiti,
2018 3449 2131 3515 sed
2177 3448 2397 3515 liberti
2443 3450 2681 3517 militis

480 3574 705 3652 partes
772 3586 985 3649 agere,
1056 3570 1486 3651 quamobrem
1563 3569 1842 3634 minime
1912 3569 2055 3634 veri
2122 3568 2443 3635 dissimile
2513 3572 2679 3636 mihi

481 3680 749 3757 videtur
808 3708 962 3757 cum
1020 3690 1372 3772 pedisequo
1435 3707 1594 3755 eum
1655 3689 1933 3769 prodire.
1997 3689 2226 3771 Neque
2285 3691 2384 3756 ita
2430 3692 2717 3777 mirum·

479 3813 814 3889 existimO,
873 3813 1044 3894 quod
1108 3810 1365 3889 nullum
1425 3809 1582 3876 alibi
1645 3810 1847 3875 huius
1901 3810 2265 3889 vestigium
2309 3812 2676 3890 invenitur,

476 3935 790 4014 quoniam
859 3932 1130 3998 omnino
1198 3949 1369 4013 quae
1431 3930 1688 3996 faciunt
1749 3946 2070 4012 personae
2128 3932 2374 3997 tacitae
2436 3950 2671 4013 parum

474 4054 1097 4122 animadvertimus.
1164 4052 1501 4133 Quomodo
1562 4056 1795 4118 autem
1844 4050 2114 4117 somn
2146 4048 2219 4131 ²),
2264 4069 2671 4134 quamquam

545 4355 602 4422 1)
645 4352 762 4407 Vid.
803 4351 1433 4409 Beona-Minacium
1468 4348 1566 4417 IV,
1607 4366 1654 4417 p.
1696 4349 1816 4402 466.

551 4438 748 4508 2)l.1.
789 4458 838 4508 p.
877 4440 961 4493 12.
1078 4476 1082 4484 ·
1184 4460 1188 4467 ·
