3450 5350
1799 585 1927 650 112

762 761 978 827 dieser
1037 760 1243 827 Scene
1289 779 1419 827 nur
1467 762 1679 829 Hiebe
1731 766 2138 845 ausgetheilt
2189 764 2472 847 werden,
2523 781 2594 829 er
2641 764 2828 828 steht
2872 764 2967 828 im

771 880 1288 961 Wiederspruch
1327 882 1456 947 mit
1493 882 1640 949 dem
1686 883 1992 951 scharfen
2036 884 2257 966 Spott,
2297 883 2582 950 welcher
2619 884 2724 949 die
2763 899 2972 963 ganze

774 1002 983 1067 Scene
1023 1002 1491 1086 durchzieht'';
1533 1022 1691 1070 nam
1732 1024 1951 1087 neque
1988 1024 2229 1072 versus
2260 1005 2583 1071 irrisionis
2605 1008 2712 1080 est
2736 1020 2973 1087 expers

770 1142 985 1205 neque
1036 1125 1281 1206 ubique
1326 1125 1437 1190 illa
1482 1126 1697 1192 irrisio
1744 1132 1890 1193 tam
1935 1129 2106 1193 acris
2151 1131 2280 1204 est,
2327 1130 2398 1193 et
2442 1126 2710 1191 disertis
2756 1126 2975 1191 verbis

773 1245 932 1311 dicit
990 1246 1317 1326 choragus
1376 1252 1902 1315 commonstrare
1957 1267 2030 1315 se
2077 1247 2248 1315 velle
2301 1296 2332 1324 „
2342 1249 2447 1314 vel
2495 1249 2821 1314 vitiosum
2868 1247 2974 1313 vel

774 1367 918 1433 sine
965 1367 1134 1434 vitio
1180 1368 1285 1433 vel
1329 1370 1609 1451 probum
1657 1371 1763 1436 vel
1812 1371 2258 1453 improbum'’.
2307 1371 2428 1437 Vs.
2482 1370 2612 1435 476
2645 1368 2974 1450 'primitus

775 1506 892 1572 pro
945 1490 1021 1554 in
1066 1490 1277 1555 medio
1321 1491 1666 1556 exstitisse
1712 1492 2098 1557 dubitanter
2145 1492 2524 1573 suspicatur
2569 1489 2855 1556 LANGEN
2899 1491 2973 1555 in

770 1610 938 1692 fore,
1000 1611 1171 1692 quod
1232 1611 1485 1677 scilicet
1542 1615 1697 1692 post
1755 1613 2090 1678 insertum
2152 1630 2254 1679 vs.
2308 1612 2440 1677 475
2487 1614 2831 1677 mutatum
2872 1610 2973 1704 'sit

774 1732 842 1798 in
906 1735 980 1799 in
1041 1733 1271 1798 medio.
1337 1732 1436 1797 Ne
1496 1734 1619 1799 hoc
1679 1734 1949 1815 quidem
2015 1736 2290 1815 probare
2347 1751 2626 1816 possum
2643 1755 2659 1815 ;
2708 1751 2866 1799 nam
2915 1732 2974 1797 si

774 1858 1337 1920 commemoratur
1374 1855 1594 1920 forum
1630 1872 1971 1936 superum,
1999 1857 2078 1922 de
2102 1855 2330 1921 infimo
2353 1856 2560 1921 taceri
2585 1855 2703 1919 vix
2727 1855 2972 1936 potest.

870 1978 1021 2042 Huc
1081 1992 1233 2056 ergo
1296 1981 1528 2043 nostra
1587 1978 1668 2044 de
1731 1979 2141 2045 Curculionis
2188 1979 2496 2060 parabasi
2540 1978 2713 2044 redit
2757 1977 2975 2059 dispu-

779 2098 949 2163 tatio
1017 2101 1095 2164 ut
1166 2098 1549 2164 Plautinam
1611 2115 1761 2165 esse
1824 2103 2044 2166 totam
2106 2117 2438 2180 scaenam,
2504 2097 2676 2165 solos
2737 2114 2976 2163 versus

782 2220 912 2285 483
960 2223 1030 2287 et
1077 2219 1208 2284 485
1256 2220 1719 2301 interpolatori
1765 2220 1983 2287 deberi
2029 2224 2349 2288 statuam.
