3450 5350
1834 591 1919 660 74

767 772 1218 857 „sycophanta
1285 773 1496 852 φαίνει
1545 779 1726 858 σῦκα,
1777 776 2183 856 halophanta
2229 775 2437 853 φαίνει
2490 775 2698 842 ‘halo'.
2745 776 2957 842 dieser

763 896 1014 958 stamm
1075 894 1224 960 halo
1270 895 1482 962 findet
1529 897 1670 966 sich
1717 897 1823 963 bei
1868 896 2125 962 Plinius
2172 914 2238 961 n.
2288 898 2353 960 h.
2402 896 2578 960 XIX
2622 900 2659 974 ἓ
2714 896 2839 960 116
2886 897 2955 960 in

761 1014 1062 1098 (malum,
1111 1034 1257 1083 was
1301 1018 1452 1084 eine
1497 1022 1606 1084 art
1653 1018 2033 1084 knoblauoh
2071 1018 2185 1084 ist.
2234 1035 2433 1084 wenn
2454 1035 2614 1084 man
2642 1017 2954 1096 bedenkt,

763 1137 1012 1202 welche
1056 1137 1214 1204 rolle
1257 1138 1378 1204 das
1421 1139 1635 1204 alium
1675 1140 1773 1204 im
1807 1139 1996 1204 leben
2034 1140 2151 1205 des
2190 1140 2543 1204 Italianers
2583 1138 2781 1220 spielt
2817 1137 2956 1202 und

761 1258 1003 1324 immer
1047 1259 1330 1341 gespielt
1375 1259 1518 1336 hat,
1565 1277 1638 1325 so
1683 1261 1972 1325 erkennt
2011 1277 2171 1326 man
2210 1261 2420 1326 sofort
2442 1260 2548 1324 die
2570 1258 2959 1339 richtigkeit

763 1380 878 1445 der
923 1379 1286 1460 ableitung.
1335 1398 1480 1446 was
1524 1381 1678 1447 dem
1723 1380 2003 1447 Attiker
2041 1381 2145 1446 die
2182 1381 2373 1460 seige‚
2412 1381 2507 1446 ist
2540 1381 2693 1446 dem
2715 1381 2959 1444 Romer

765 1501 884 1567 das
943 1501 1175 1566 alium.
1239 1501 1580 1568 entweder
1642 1501 1739 1567 ist
1799 1520 1939 1567 nun
2001 1503 2118 1568 der
2180 1503 2519 1568 wortwitz
2577 1519 2694 1567 um
2732 1500 2960 1566 ‘seiner

764 1623 974 1688 selbst
1033 1622 1254 1690 willen
1300 1623 1400 1706 da,
1450 1623 1604 1689 oder
1647 1623 2055 1724 halophanta
2100 1625 2348 1707 wiirde,
2398 1623 2484 1688 da
2530 1641 2604 1689 es
2650 1623 2793 1688 sich
2840 1640 2959 1687 um

764 1745 980 1810 alium
1033 1745 1337 1820 handelt‚·
1373 1748 1554 1812 etwa
1598 1745 1929 1812 bedeuten
1977 1725 2290 1823 maeatae,
2336 1763 2414 1810 so
2456 1745 2615 1812 dasz
2659 1744 2800 1810 also
2844 1745 2962 1808 der

765 1865 922 1931 sinn
984 1882 1116 1931 von
1176 1883 1242 1931 v.
1308 1867 1438 1931 463
1500 1871 1715 1931 ware:
1779 1866 1910 1932 ‘ioh
1973 1867 2177 1932 weisz
2238 1867 2449 1952 nicht,
2512 1867 2595 1932 ob
2657 1865 2959 1931 Curculio

767 1987 956 2052 mehr
1014 1987 1243 2053 schlau
1302 1987 1456 2054 oder
1518 1987 1707 2053 mehr
1764 1987 2061 2053 schleoht
2104 1988 2230 2067 ist;
2279 1989 2583 2053 worsiber
2627 1987 2735 2052 ioh
2779 1987 2957 2052 mich

762 2107 956 2176 mehr
1017 2107 1340 2173 wundern
1399 2107 1540 2184 soll,
1587 2109 1749 2174 tiber
1796 2108 2023 2175 seinen
2071 2108 2723 2190 auskunftsreiohen‚
2768 2107 2957 2172 erfin-

767 2229 1113 2296 derisohen
1173 2230 1346 2309 geist
1409 2229 1563 2296 oder
1621 2230 1784 2294 fiber
1845 2231 2028 2296 seine
2089 2229 2668 2295 unverfrorenheit
2727 2229 2799 2294 in
2844 2229 2959 2294 der

769 2351 947 2417 wahl
1006 2351 1123 2416 der
1185 2349 1426 2416 mittel’
1445 2350 1508 2412 ”.
1571 2350 1804 2432 Neque
1863 2367 2035 2431 quae
2094 2350 2165 2414 in
2212 2350 2335 2416 hoo
2382 2352 2739 2415 verborum
2784 2347 2958 2428 111811,

768 2473 828 2538 si
891 2491 1016 2540 sua
1074 2473 1288 2554 ipsius
1347 2489 1550 2540 causa
1610 2472 1983 2556 adhibetur,
2031 2473 2200 2540 insit
2244 2476 2573 2538 venustas
2618 2471 2961 2554 perspicio,

768 2611 986 2678 neque
1044 2569 1357 2673 intelligo,
1417 2594 1745 2676 quomodo
1807 2593 2225 2678 halophanta,
2286 2593 2389 2658 fao
2448 2593 2584 2658 iam
2633 2592 2703 2657 in
2749 2592 2965 2673 priore

769 2716 954 2783 vocis
1033 2718 1225 2798 parte
1300 2714 1620 2783 Latinum
1691 2716 1928 2783 halam
1996 2716 2237 2791 inesse,
2310 2714 2681 2795 significare
2749 2713 2965 2796 possit

768 2840 1081 2905 nasutas.
1963 2847 1967 2851 ’

863 2960 1012 3027 Non
1070 2960 1300 3025 deesse
1344 2960 1933 3041 interpretationes
1979 2959 2188 3025 vides.
2237 2960 2470 3025 Unum
2513 2962 2747 3025 tamen
2793 2975 2965 3025 oom—

686 3152 693 3159 ,
774 3085 1083 3147 mentum
1151 3080 1411 3162 addam,
1476 3097 1717 3146 verum
1775 3080 1938 3145 illud
1997 3096 2256 3162 quoque
2316 3083 2399 3145 ut
2456 3080 2747 3157 reiciam,
2808 3080 2964 3145 licet

772 3204 1090 3285 probetur
1147 3202 1420 3283 Lnomo,
1483 3203 1843 3268 BRAnmsu
1900 3202 2044 3268 dico
2073 3200 2143 3286 ¹),
2206 3202 2323 3283 qui
2383 3218 2626 3267 nomen
2676 3220 2718 3267 a
2760 3202 2963 3267 verbo

773 3326 1090 3408 halapari
1145 3324 1382 3391 fictum
1441 3340 1592 3391 esse
1637 3326 1913 3405 probare
1960 3326 2241 3389 conatus
2286 3326 2411 3388 est.
2490 3323 2819 3409 „Exstat”
2864 3324 2965 3389 ait

775 3448 880 3512 vir
940 3447 1176 3514 doctus
1242 3448 1352 3534 „in
1410 3446 1664 3529 plebeio
1724 3462 2031 3511 sermone
2091 3446 2370 3511 verbum
2414 3445 2742 3526 alapandi‚
2790 3444 2963 3525 quod

773 3568 950 3634 idem
1019 3584 1169 3633 esse
1234 3571 1438 3649 atque
1502 3567 1854 3648 halapandi
1914 3566 2215 3647 verbum,
2279 3566 2363 3631 ad
2424 3565 2598 3647 quod
2647 3566 2966 3631 memoria

773 3690 1070 3755 Plautini
1128 3688 1306 3755 illius
1369 3704 1608 3755 versus
1667 3688 1970 3755 recedere
2013 3686 2204 3753 nobis
2249 3686 2619 3766 videbatur,
2668 3687 2821 3768 quis
2863 3689 2973 3752 est

776 3810 890 3893 qui
936 3810 1184 3890 neget?
1231 3810 1647 3877 Roensohius
1690 3809 1764 3874 in
1810 3808 2022 3875 Musei
2066 3807 2372 3873 Rhenani
2418 3810 2467 3871 t.
2520 3806 2855 3890 XXXIV,
2906 3825 2972 3887 p.

778 3933 908 3998 632
955 3933 1230 4017 alapam·
1274 3932 1653 4012 significatu
1689 3930 1995 4012 yzoriari,
2035 3947 2103 3994 se
2141 3931 2390 3995 iactare
2410 3928 2721 4010 usurpari
2745 3929 2972 4010 docet;

635 4056 648 4070 ‘
777 4072 1188 4138 quamquam
1249 4055 1417 4119 falsa
1475 4058 1586 4118 est
1642 4052 1773 4118 viri
1827 4050 2198 4117 doctissimi
2244 4050 2669 4133 etymologia.
2718 4052 2790 4114 et
2834 4066 2977 4127 cog·

779 4178 1050 4244 natione
1095 4179 1166 4242 et
1212 4174 1593 4254 significatu
1637 4173 1955 4255 halapari
1997 4170 2297 4252 proxime
2340 4171 2596 4236 aooedit
2639 4171 2723 4236 ad
2765 4186 2973 4249 germ.

851 4442 911 4510 1)
948 4440 1218 4494 Bnnms.
1255 4436 1338 4491 De
1371 4434 1708 4508 Aspiratione
1742 4432 1937 4489 Latina
1967 4429 2277 4501 Questiones
2310 4430 2545 4487 Solet-‚tae
2578 4451 2628 4505 p.
2666 4432 2735 4487 15
2772 4446 2848 4502 sq.
