3450 5350
1514 1452 1889 1537 CAPUT
1952 1455 2150 1538 VII.

1296 1924 1399 1990 De
1447 1922 1724 1992 Curculi
1733 1926 1888 1992 onis
1934 1901 2113 1992 actu⁴
2142 1926 2387 2014 tertio.

832 2129 934 2176 vs.
997 2110 1121 2177 371
1192 2128 1332 2192 sqq.
1401 2109 1582 2175 Actu
1643 2111 1848 2176 tertio
1909 2109 2088 2194 Lyco
2133 2111 2464 2192 trapezita
2507 2111 2577 2176 in
2626 2128 2935 2178 scaenam

741 2231 958 2311 prodit
1005 2230 1083 2295 de
1133 2231 1276 2296 suis
1325 2247 1554 2296 66611111
1600 2231 1801 2297 rebus
1848 2231 2290 2297 ratiocinans:

921 2353 1172 2418 Beatus
1217 2352 1476 2433 videor3
1525 2353 1817 2418 subduxi
1864 2353 2329 2436 ratiunculam,

919 2471 1262 2554 Quantum
1308 2473 1481 2539 aeris
1529 2472 1696 2538 mihi
1742 2473 1835 2538 sit
1887 2465 2349 2556 quantumque
2394 2475 2593 2542 alieni
2640 2478 2802 2542 siet:

919 2594 1126 2661 Dives
1172 2611 1346 2677 sum,
1397 2593 1453 2659 si
1502 2611 1634 2659 non
1681 2593 1879 2660 reddo
1925 2594 2023 2660 eis
2044 2625 2049 2634 t
2070 2594 2311 2677 quibus
2357 2595 2576 2662 debeo,

921 2716 992 2782 Si
1037 2716 1235 2782 reddo
1282 2714 1412 2781 illis
1456 2716 1700 2796 quibus
1746 2716 1971 2792 debe0‚
2018 2714 2169 2798 plus
2212 2716 2411 2783 alieni
2457 2721 2582 2785 est.

745 2839 872 2907 375
921 2839 1176 2905 Verum
1223 2837 1442 2903 hercle
1491 2854 1648 2903 vero
1694 2855 1851 2903 611111
1897 2837 2063 2903 belle
2108 2837 2419 2917 recogito,

923 2960 993 3026 Si
1038 2960 1252 3039 magis
1298 2976 1407 3025 me
1451 2959 1830 3034 instabunt,
1878 2959 1959 3025 ad
2010 2962 2384 3040 praetorem
2433 2960 2771 3029 sufferam.

923 3082 1193 3147 Habent
1239 3082 1419 3147 hune·
1465 3098 1718 3147 morem
1766 3081 2058 3163 plerique
2106 3081 2483 3166 argentarii,

921 3204 1019 3269 Ut
1063 3203 1236 3269 alius
1281 3203 1489 3269 alium
1536 3206 1838 3285 poscant,
1885 3202 2168 3269 reddant
2215 3204 2485 3286 nemini,

921 3325 1175 3405 Pugnis
1221 3342 1362 3390 rem
1412 3324 1698 3401 solvant,
1748 3325 1806 3390 si
1852 3325 2004 3406 quis
2051 3328 2282 3407 poscat
2327 3325 2590 3392 clarius.

743 3448 874 3513 380
922 3446 1047 3529 Qui
1095 3448 1291 3513 homo
1337 3451 1605 3513 mature
1649 3448 1989 3529 quaesivit
2045 3448 2398 3528 pecuniam

923 3569 1071 3634 Nisi
1116 3585 1266 3633 eam
1315 3570 1578 3633 mature
1623 3568 1856 3649 parsit,
1908 3571 2173 3635 mature
2220 3570 2456 3636 esurit.

923 3690 1130 3771 Cupio
1177 3689 1462 3770 aliquem
1509 3705 1728 3755 emere
1774 3706 2077 3771 puerum,
2125 3691 2238 3771 qui
2286 3692 2633 3757 usurarius

924 3811 985 3876 N
988 3828 1117 3876 11116
1165 3810 1328 3875 mihi
1373 3813 1755 3890 quaeratur.
1806 3810 1990 3876 Usus
2037 3814 2144 3877 est
2191 3813 2490 3893 pecunia.

833 3937 912 4000 In
974 3933 1082 3999 his
1140 3914 1447 3997 versibus
1507 3932 1820 4013 quamvis
1880 3934 2050 3998 satis
2110 3934 2328 3999 multa
2382 3934 2597 3999 insint
2642 3935 2938 4011 obscura,

745 4074 878 4122 non
925 4060 1154 4120 tamen
1201 4053 1521 4133 gravibus
1566 4053 1733 4118 mihi
1779 4054 2074 4119 laborare
2113 4055 2365 4121 morbis
2408 4056 2736 4138 videntur,
2779 4073 2943 4137 quos

743 4176 1036 4257 plerique
1080 4174 1187 4239 hic
1233 4174 1558 4254 suspicati
1605 4176 1790 4238 sunt.
1840 4174 1958 4240 Vs.
2010 4175 2138 4241 374
2191 4192 2325 4241 non
2365 4176 2483 4251 ita,
2528 4179 2605 4240 ut
2646 4176 2940 4241 traditus

743 4303 871 4373 est,
917 4315 958 4362 a
1001 4296 1237 4362 Pla'uto
1285 4297 1655 4377 profectum
1701 4312 1851 4361 esse
1901 4296 2338 4363 manifestum
2385 4300 2494 4363 est
2541 4301 2805 4379 propter
2850 4297 2941 4362 ul-

744 4419 898 4484 timi
967 4417 1151 4500 pedis
1224 4417 1611 4500 spondeum.
1675 4416 1873 4482 Illum
1933 4433 2085 4498 ergo
2148 4419 2345 4484 multi
2409 4420 2536 4485 viri
2581 4419 2773 4503 docti,
2823 4420 2943 4485 Bo·
