3450 5350
1850 615 1892 679 8

774 798 954 864 tibus
1012 796 1152 862 tuis
1213 796 1584 877 praeceptis
1643 813 1796 876 ergo
1847 796 2007 861 mihi
2056 813 2186 862 non
2233 813 2398 877 opus
2446 795 2619 860 est.”
2652 795 2698 878 ¹)
2746 795 2971 861 Verba

774 921 1087 987 iracunde
1141 921 1704 1001 impatienterque
1774 919 2269 1001 pronuntianda
2337 935 2485 984 esse
2545 921 2823 999 apparet
2883 935 2969 984 ex

775 1040 1071 1105 Palinuri
1131 1041 1320 1105 brevi
1379 1040 1869 1105 exsecratione:
1938 1039 2149 1123 „male
2208 1040 2364 1104 istis
2424 1039 2736 1104 evenat’'.
2786 1037 2965 1119 Quod

775 1163 1060 1228 contulit
1119 1163 1340 1228 Gon'rz
1402 1180 1503 1227 vs.
1567 1163 1674 1237 44,
1744 1162 1850 1227 1110
1912 1177 2152 1226 versus
2211 1178 2329 1243 pro
2376 1164 2773 1240 argumento
2821 1176 2969 1224 esse

777 1283 939 1348 mihi
1000 1284 1267 1350 videtur
1325 1285 1559 1349 ambos
1618 1284 1795 1348 locos
1840 1283 2165 1362 genuinos
2212 1299 2394 1362 esse3
2444 1282 2687 1347 saltem
2738 1297 2973 1347 versus

776 1403 988 1469 multo
1049 1405 1130 1470 fit
1184 1405 1477 1486 lepidior,
1525 1405 1583 1470 si
1628 1405 1993 1486 accipimus
2039 1403 2526 1468 Phaedromum
2572 1402 2675 1466 bis
2721 1401 2972 1466 dixisse

772 1525 1079 1592 lenonem
1126 1526 1196 1590 in
1243 1526 1371 1591 illis
1416 1525 1691 1592 aedibus
1738 1525 2057 1590 habitare.
2108 1524 2269 1588 Post
2307 1523 2700 1588 Phaedromi
2738 1523 2967 1588 verba:

782 1648 936 1732 „sed
976 1648 1074 1712 ita
1112 1648 1215 1713 uti
1241 1648 1458 1728 occepi
1483 1648 1731 1713 dicere:
1758 1648 1819 1712 ei
1841 1647 2262 1712 ancillulast”
2288 1646 2595 1711 deridens
2618 1645 2973 1710 Palinurus

775 1773 998 1848 rogat:
1055 1785 1333 1854 „nempe
1379 1768 1534 1834 huic
1572 1769 1787 1833 lenoni
1831 1769 1942 1849 qui
1982 1769 2088 1832 hic
2133 1767 2395 1832 habitat
2410 1767 2488 1832 ?”
2527 1768 2721 1848 quasi
2758 1767 2971 1832 dicat:

783 1861 989 1976 „satis
1053 1907 1232 1954 nunc
1290 1889 1618 1972 intellege,
1683 1905 1885 1970 quem
1948 1893 2024 1953 tu
2087 1889 2287 1967 dicas,
2336 1889 2473 1954 iam
2524 1889 2623 1954 bis
2670 1887 2969 1953 dixisti”.

868 2150 970 2199 vs.
1021 2133 1105 2198 59
1153 2151 1294 2214 sqq.

955 2255 1093 2321 PH.
1143 2255 1356 2320 Immo
1394 2258 1474 2319 ut
1509 2254 1692 2318 illam
1722 2255 2005 2320 censes?
2037 2260 2115 2320 ut
2138 2271 2438 2336 quaeque
2462 2255 2555 2319 illi
2579 2256 2921 2337 occasiost,

955 2376 1308 2456 Subripere
1354 2393 1427 2441 se
1471 2376 1553 2440 ad
1603 2393 1743 2456 me;
1796 2377 1908 2440 ubi
1954 2376 2223 2441 savium
2268 2376 2556 2458 oppegit,
2605 2377 2797 2456 fugit.

955 2499 1030 2562 Id
1077 2515 1154 2563 eo
1199 2497 1298 2578 fit,
1348 2499 1503 2578 quia
1549 2498 1657 2564 1110
1701 2497 1851 2564 leno
1897 2503 2208 2578 aegrotus
2256 2499 2534 2584 incubat

954 2620 1034 2685 In
1082 2618 1439 2702 Aesculapi
1485 2619 1674 2686 fano:
1723 2621 1783 2687 is
1830 2638 1939 2687 me
1984 2622 2340 2688 excruciat.

864 2740 974 2809 Sic
1036 2743 1488 2809 Phaedromus
1549 2744 1904 2825 respondet
1964 2744 2291 2828 Palinure,
2354 2748 2466 2827 qui
2529 2764 2662 2812 non
2709 2747 2972 2813 credere

775 2867 1000 2946 potest
1068 2864 1356 2955 puellam
1425 2864 1633 2930 etiam
1701 2881 1881 2930 nunc
1942 2865 2249 2947 pudicam
2318 2882 2484 2931 esse.
2550 2866 2669 2932 Vs.
2734 2869 2817 2933 61
2886 2870 2969 2934 ad

774 2986 1038 3052 hiatum
1099 2974 1464 3052 tollendum
1525 2989 1679 3068 post
1741 2987 1902 3067 quia
1963 2986 2185 3052 Gon'rz
2245 2986 2408 3073 legit
2467 2990 2615 3053 istic
2665 3006 2783 3069 pro
2830 2990 2967 3072 me;

775 3106 909 3173 Lno
958 3108 1256 3189 supplet:
1314 3109 1474 3189 quia
1521 3107 1627 3172 hic
1671 3108 1834 3184 lene,
1875 3108 2051 3185 <hic
2088 3110 2271 3189 qui>
2316 3112 2627 3189 aeyrotus
2664 3111 2968 3192 incubat3

776 3228 1009 3293 Bomn
1054 3228 1438 3308 transponit
1477 3228 1617 3293 leno
1670 3229 1796 3294 hic.

866 3351 944 3415 In
993 3350 1384 3414 Phaedromi
1430 3354 1662 3415 autem
1711 3367 2025 3431 responso
2073 3368 2499 3433 nequaquam
2546 3354 2969 3435 perspicuum

775 3471 941 3537 mihi
987 3475 1111 3551 est,
1153 3489 1283 3553 quo
1323 3475 1580 3551 spectet
1620 3471 1777 3536 illud
1824 3472 1927 3558 „id
1964 3488 2042 3537 eo
2079 3473 2226 3538 fit.’'
2267 3474 2435 3556 Quid
2476 3473 2718 3539 dicitur
2756 3474 2971 3555 puella

773 3593 1009 3668 facere,
1056 3594 1404 3674 propterea
1448 3594 1621 3674 quod
1659 3591 1808 3657 leno
1846 3594 2119 3658 incubat
2156 3598 2468 3675 aegrotus
2504 3594 2575 3658 in
2612 3594 2970 3675 Aesculapi

772 3712 978 3778 fano?
1023 3712 1409 3793 Subripitne
1455 3730 1528 3778 se
1574 3713 1747 3777 hanc
1793 3715 1875 3779 ob
1924 3730 2199 3780 causam
2245 3716 2328 3780 ad
2376 3716 2801 3780 amatorem?
2848 3716 2967 3782 Fu-

773 3832 959 3912 gitne
1023 3832 1207 3917 (nam
1251 3834 1335 3899 ad
1379 3834 1550 3899 hanc
1599 3852 1848 3919 vocem,
1897 3835 1957 3901 si
2001 3835 2252 3901 tradita
2301 3853 2465 3901 sana
2512 3840 2763 3918 essent,
2810 3837 2970 3903 illud

776 3953 884 4039 „id
961 3969 1037 4019 eo
1105 3952 1227 4018 fit”
1296 3957 1377 4018 ut
1438 3954 1857 4032 referremus,
1930 3959 2311 4037 contextus,
2383 3960 2464 4021 ut
2531 3973 2650 4041 ego
2718 3958 2967 4040 opinor,

845 4180 900 4246 1)
935 4180 1108 4235 Etiam
1161 4180 1395 4235 Luceni&
1447 4179 1481 4235 l.
1537 4179 1571 4234 l.
1625 4200 1670 4247 p.
1725 4182 1795 4235 34
1850 4179 2111 4252 duplicem
2168 4180 2483 4237 Phaedromi
2536 4140 2971 4239 asseverationem

771 4264 1029 4320 defendit:
1081 4266 1182 4320 nda
1230 4266 1509 4321 Palinurus
1555 4265 1653 4320 mit
1698 4265 1880 4321 seinen
1932 4266 2275 4339 Warnungen
2322 4267 2583 4336 fortfahrt,
2632 4268 2704 4324 ist
2751 4287 2807 4323 es
2851 4268 2973 4323 sehr

772 4352 1050 4419 natiirlich,
1101 4351 1222 4407 dass
1274 4353 1633 4409 Phaedromus
1689 4352 1755 4407 V.
1812 4353 1880 4407 39
1936 4352 2203 4411 nochmals
2256 4353 2543 4411 versichert
2604 4354 2807 4409 lenonis
2873 4353 2971 4410 hae

772 4442 898 4495 sunt
931 4438 1139 4495 aedes.”
