3450 5350
1838 598 1921 663 34

781 793 838 842 e.
885 795 946 860 q.
994 777 1138 843 s.”?
1187 777 1362 842 Tum
1407 777 1786 859 Palinurus,
1828 779 1941 860 qui
1979 795 2293 844 scaenam
2330 795 2463 844 non
2502 778 2769 859 reliquit
2795 776 2986 861 (haec

780 900 990 966 altera
1049 919 1253 967 causa
1310 905 1436 984 est,
1502 902 1585 967 de
1643 919 1776 984 qua
1838 920 2043 983 supra
2101 902 2261 978 dixi,
2319 918 2729 984 quamquam
2775 901 2987 966 etiam
3048 963 3055 968 .

782 1022 960 1088 sumi
1017 1026 1240 1103 potest
1287 1021 1492 1106 illum,
1543 1027 1624 1088 ut
1670 1027 1834 1089 sunt
1880 1025 2060 1089 servi
2108 1041 2285 1090 nova
2332 1024 2599 1090 videndi
2644 1022 2987 1104 cupidissi-

780 1145 894 1227 mi,
958 1147 1118 1208 ante
1176 1160 1366 1210 erum
1427 1145 1746 1224 prodire):
1818 1145 2012 1230 „quid
2074 1147 2231 1212 istic
2292 1147 2649 1212 clamorem
2711 1144 2889 1216 tollis
2906 1145 2985 1209 ‘?'’

781 1264 1052 1346 Coquus
1111 1271 1343 1332 autem
1403 1267 1488 1331 ad
1549 1268 1730 1331 servi
1786 1267 2376 1346 interrogationem
2425 1284 2559 1332 non
2605 1267 2982 1350 attendenS,

780 1387 961 1452 intro
1029 1391 1260 1454 vocat:
1341 1389 1757 1474 „parasitum
1827 1392 2019 1456 tuom
2087 1388 2277 1454 video
2338 1391 2721 1454 currentem
2782 1388 2986 1452 ellum

782 1525 994 1590 usque
1060 1511 1130 1575 in
1196 1510 1416 1591 platea
1475 1510 1785 1576 ultima.'’
1852 1511 1981 1576 Sed
2045 1528 2225 1576 nunc
2288 1510 2608 1575 nonnulla
2666 1508 2981 1591 desidem,

781 1631 1024 1711 quibus
1084 1630 1560 1708 PhaedromuS‚
1623 1633 1737 1714 qui
1799 1632 2056 1698 interea
2110 1632 2375 1713 prodiit,
2423 1649 2741 1712 magnam
2788 1648 2985 1697 suam

780 1750 1111 1816 laetitiam
1183 1753 1515 1831 significat
1581 1754 1664 1818 ob
1734 1754 2015 1834 parasiti
2075 1755 2477 1834 adventum3
2541 1770 2756 1835 neque
2801 1753 2984 1817 enim

781 1871 946 1937 mihi
1014 1873 1276 1952 probari
1336 1877 1562 1954 potest
1619 1873 1810 1940 illum
1877 1875 1957 1941 de
2014 1893 2095 1940 ea
2156 1893 2245 1958 re,
2312 1877 2392 1941 de
2453 1893 2586 1957 qua
2646 1879 2790 1940 tam
2838 1877 2983 1940 erat

781 1992 1104 2059 sollicitus
1163 1994 1324 2077 (vid.
1381 2013 1485 2061 vs.
1537 1996 1667 2060 223
1716 2001 1888 2079 sqq.)
1936 1996 2196 2062 nullum
2243 1999 2524 2063 verbum
2570 1997 3003 2062 muttivisse..

780 2115 879 2180 Of.
943 2117 1144 2182 Poen.
1208 2118 1356 2198 208,
1418 2118 1535 2182 ubi
1595 2118 2063 2198 Agorastocles
2124 2135 2165 2182 a
2217 2136 2409 2184 servo
2457 2119 2633 2184 foras
2679 2121 2981 2199 vocatus,

779 2240 859 2303 ut
919 2241 1180 2319 spectet
1241 2257 1398 2304 suos
1443 2257 1724 2312 amores,
1771 2241 1868 2306 sic
1915 2240 2235 2319 gaudium
2284 2257 2487 2304 suum
2533 2239 2850 2304 effundit:
2909 2255 2984 2322 „o

780 2357 998 2423 multa
1060 2359 1184 2425 tibi
1246 2360 1312 2424 di
1375 2359 1539 2426 dent
1600 2363 1795 2442 bona,
1846 2362 2059 2442 Quom
2105 2361 2226 2426 hoc
2274 2359 2440 2425 mihi
2487 2359 2791 2439 optulisti
2838 2361 2986 2423 tam

776 2480 1071 2562 lepidum
1110 2482 1631 2564 spectaculum.”
1678 2483 1851 2548 Tum
1887 2480 2249 2548 verisimile
2292 2481 2458 2545 mihi
2492 2480 2758 2545 videtur
2780 2480 2986 2545 Phae-

779 2603 1087 2670 dromum
1132 2621 1419 2688 coquum
1464 2607 1642 2672 intro
1690 2607 1785 2670 ire
1832 2605 2131 2686 iussisse,
2182 2606 2262 2668 ut
2303 2618 2472 2685 quae
2508 2601 2592 2666 ad
2631 2602 2985 2683 prandium

779 2744 946 2807 opus
1002 2734 1251 2804 essent,
1314 2731 1602 2811 pararet,
1663 2731 1735 2794 et
1796 2729 1903 2794 his
1973 2744 2045 2793 se
2107 2727 2191 2791 ad
2252 2741 2525 2793 servum
2571 2725 2984 2791 convertisse

779 2850 1033 2915 verbis:
1089 2853 1228 2935 „tu‚
1277 2851 1610 2927 Palinure,
1657 2852 1787 2916 huc
1834 2850 2273 2916 concedamus
2318 2851 2390 2913 et

1231 2972 1406 3038 Hinc
1453 2972 1915 3038 auscultemus
1962 2972 2117 3053 quid
2166 2968 2393 3049 agat.”

869 3092 975 3157 Ad
1019 3098 1194 3173 quae·
1235 3094 1627 3160 Palinurus:
1683 3112 1889 3181 „sane
1937 3090 2243 3159 censeo.”

869 3214 1040 3293 Ergo
1085 3214 1325 3281 lacuna
1371 3217 1735 3282 statuenda
1784 3220 1894 3281 est
1938 3218 2096 3298 post
2140 3232 2245 3280 vs.
2298 3215 2449 3281 278.

869 3336 1045 3401 Nam
1118 3337 1394 3403 minime
1463 3338 1802 3419 probanda
1869 3336 2035 3402 mihi
2099 3336 2369 3401 videtur
2432 3335 2654 3416 opinio
2716 3337 2983 3415 poetam

779 3456 992 3522 denuo
1061 3457 1454 3523 Palinurum
1521 3462 1889 3524 exeuntem
1958 3458 2256 3523 finxisse.
2321 3456 2418 3522 De
2479 3474 2612 3537 qua
2670 3456 2851 3521 enim
2911 3472 2982 3519 re

777 3576 953 3659 loqui
1019 3580 1513 3646 existimandus
1583 3582 1745 3646 est?
1814 3582 2040 3662 Atque
2110 3597 2230 3645 cur
2296 3582 2494 3661 poeta
2560 3579 2643 3643 de
2701 3578 2982 3659 parasiti

777 3702 1077 3765 adventu
1151 3702 1500 3768 certiorem
1559 3703 1702 3770 fieri
1762 3702 2252 3768 Phaedromum
2297 3718 2339 3765 a
2384 3699 2695 3765 Palinuro
2755 3699 2983 3781 potius

777 3821 1024 3901 fingere
1083 3823 1314 3888 debuit
1379 3842 1582 3906 quam
1635 3843 1677 3890 a
1723 3842 1951 3906 coquo,
2000 3823 2105 3889 cui
2150 3821 2526 3904 parasitum
2572 3838 2706 3885 non
2754 3820 2981 3885 minus

777 3960 979 4025 quam
1018 3943 1330 4010 Palinuro
1369 3950 1608 4012 notum
1639 3964 1790 4013 esse
1813 3945 2132 4012 constet?
2164 3945 2465 4025 Apparet
2486 3942 2669 4006 enim
2692 3958 2981 4023 coquum

775 4065 848 4130 in
910 4069 1142 4131 nostra
1204 4065 1426 4133 fabula
1485 4070 1652 4135 item
1715 4072 1797 4134 ut
1856 4069 1925 4134 in
1988 4064 2459 4145 MenaechmiS,
2512 4080 2782 4129 servum
2830 4080 2979 4129 esse

775 4188 1174 4254 familiarem
1221 4188 1330 4271 (cf.
1382 4197 1494 4255 vs.=
1539 4192 1716 4275 254),
1766 4208 1899 4257 non
1946 4194 2028 4255 ut
2074 4189 2146 4253 in
2197 4187 2523 4269 plerisque
2566 4185 2828 4261 fabulis,
2866 4184 2981 4250 ubi

776 4312 967 4391 coqui
1051 4311 1122 4375 in
1207 4328 1522 4377 scaenam
1604 4313 1953 4395 prodeunt,
2042 4310 2385 4375 hominem
2472 4308 2554 4372 de
2628 4305 2764 4373 foro
2833 4324 2979 4372 con·

776 4430 1075 4497 ductum.
