3450 5350
1536 597 1665 661 123

496 778 865 857 genuinum
900 794 1049 844 esse
1087 796 1290 859 quam
1329 795 1432 844 vs.
1478 777 1601 843 531
1649 794 2044 858 persuasum
2082 775 2248 841 mihi
2285 776 2413 840 est.
2441 773 2698 839 Versus

497 916 709 981 neque
749 900 1047 966 insulsus
1086 903 1194 966 est
1234 916 1447 981 neque
1486 899 1717 981 inepta
1757 898 2024 980 parodia
2060 914 2298 964 versus
2337 896 2488 961 531.
2514 895 2696 960 Leno

496 1020 733 1103 plenus
770 1024 878 1086 est
914 1021 1192 1087 deorum
1230 1020 1687 1102 propitiorum,
1724 1036 2007 1102 quorum
2029 1019 2316 1099 gratiam
2339 1019 2698 1099 postquam

495 1144 634 1209 iam
677 1146 1033 1223 expertum
1083 1160 1155 1209 se
1203 1159 1352 1208 esse
1398 1142 1609 1209 credit
1655 1142 1726 1207 in
1775 1142 2124 1207 vendenda
2174 1140 2448 1219 virgine,
2481 1139 2697 1205 denuo

496 1263 713 1329 sensit
749 1264 822 1328 in
868 1281 939 1329 re
987 1264 1212 1329 divina
1250 1263 1569 1330 facienda.
1612 1264 1788 1329 Nam
1827 1279 1898 1327 re
1936 1263 2164 1327 divina
2203 1261 2399 1343 facta,
2426 1260 2516 1324 dii
2537 1276 2698 1325 eum

496 1387 921 1467 monuerunt,
987 1388 1067 1449 ut
1127 1385 1355 1450 decem
1407 1385 1629 1451 minas
1674 1387 1934 1466 peteret
1979 1401 2020 1449 a
2064 1382 2412 1464 trapezita,
2460 1398 2544 1446 ne
2590 1380 2698 1445 hic

492 1504 663 1571 clam
708 1522 867 1570 cum
913 1506 998 1571 iis
1044 1523 1117 1571 se
1164 1507 1581 1573 subduceret.
1628 1506 1907 1588 Propter
1944 1505 2104 1571 illud
2143 1504 2482 1571 monitum
2521 1502 2699 1569 miri-

497 1626 620 1691 fico
665 1626 903 1706 gaudio
947 1626 1183 1703 elatus,
1228 1626 1443 1693 facere
1482 1644 1617 1692 non
1658 1630 1900 1710 potest,
1941 1627 2101 1707 quin
2139 1625 2387 1690 iterum
2426 1626 2697 1704 gratum

496 1764 698 1812 suum
734 1764 890 1828 erga
927 1749 1085 1814 deos
1117 1751 1411 1814 testetur
1434 1748 1760 1829 animum,
1787 1748 1903 1814 sed
1925 1748 2178 1813 comica
2202 1746 2694 1813 sententiarum

494 1868 1012 1936 conformatione
1071 1872 1142 1936 in
1202 1871 1473 1953 apodosi
1536 1871 1736 1947 idem,
1799 1886 2209 1952 quamquam
2255 1868 2404 1934 aliis
2450 1866 2693 1947 verbis,

495 1990 656 2057 dicit
702 1994 905 2074 atque
952 1993 1023 2057 in
1072 1993 1359 2073 protasi:
2634 1996 2639 2002 ’

668 2114 822 2195 quoi
859 2114 1113 2181 homini
1151 2115 1217 2179 di
1256 2118 1418 2181 sunt
1441 2114 1728 2197 propitii,
1754 2114 1815 2179 ei
1851 2150 1913 2161 —
1951 2130 2085 2179 non
2109 2128 2257 2179 esse
2276 2112 2485 2178 iratos
2507 2113 2695 2193 puto.

589 2238 796 2303 Recte
842 2238 1103 2304 confert
1147 2237 1283 2305 Lno
1330 2237 1484 2303 Aul.
1536 2238 1701 2304 207:
2590 2319 2594 2323 .

678 2358 761 2424 Di
784 2376 895 2425 me
918 2362 1214 2436 servant,
1233 2360 1418 2426 salva
1444 2376 1550 2425 res
1574 2362 1698 2426 est.
1726 2359 2057 2425 salvomst
2079 2356 2318 2440 siquid
2343 2374 2476 2423 non
2501 2356 2690 2437 perit.

588 2480 753 2561 Quid
824 2497 1062 2546 causae
1129 2480 1590 2562 interpolatori
1657 2496 1804 2546 esse
1867 2479 2182 2563 potuerit,
2248 2494 2366 2544 cur
2395 2476 2398 2479 ’
2426 2480 2696 2559 propter

500 2601 787 2667 similem
833 2618 1059 2667 rerum
1104 2602 1554 2668 conditionem
1596 2602 1986 2686 (postquam
2032 2618 2176 2666 rem
2223 2601 2526 2666 divinam
2569 2599 2698 2682 feci

424 2764 428 2768 -
498 2741 594 2790 vs.
648 2722 807 2807 558)
855 2741 1137 2790 suavem
1181 2722 1368 2790 illam
1406 2724 1793 2806 dulcemque
1832 2741 2069 2791 versus
2111 2723 2236 2788 531
2281 2722 2696 2790 sententiam

498 2843 875 2927 legentibus
920 2848 989 2913 in
1031 2850 1332 2913 mentem
1368 2863 1679 2914 revocare
1725 2846 1944 2930 vellet,
1987 2863 2260 2927 prorsus
2305 2863 2414 2911 me
2459 2845 2648 2912 latet.

590 3107 692 3155 vs.
760 3089 886 3156 537
950 3107 1089 3172 sqq.
1154 3091 1775 3172 Therapontigonus
1834 3095 1905 3157 et
1951 3092 2129 3175 Lyco
2172 3090 2579 3156 altercantes
2623 3090 2694 3155 in

495 3226 807 3275 scaenam
853 3209 1257 3290 prodierunt.
1308 3211 1498 3276 Miles
1542 3228 1676 3276 non
1716 3211 2023 3278 mediocri
2065 3212 2162 3277 ira
2201 3212 2483 3278 affectus
2519 3210 2693 3292 quod

496 3331 681 3411 virgo
719 3348 760 3395 a
799 3349 873 3397 se
910 3335 1140 3412 empta
1177 3331 1288 3397 alii
1330 3332 1579 3398 tradita
1618 3333 1728 3416 sit,
1772 3332 2140 3414 trapezitae
2181 3337 2466 3399 mortem
2505 3332 2694 3397 mini·

496 3455 707 3528 tatur,
751 3453 884 3518 nisi
931 3455 1169 3520 statim
1214 3454 1447 3519 reddat
1492 3454 1773 3535 triginta
1820 3456 2059 3521 minas.
2121 3455 2438 3522 Gloriosis
2490 3459 2696 3537 atque

495 3575 801 3659 superbis
840 3576 1075 3642 militis
1113 3577 1336 3642 verbis
1375 3565 1886 3658 Lyoo‘breviter
1907 3582 2109 3660 atque
2133 3581 2278 3644 sine
2301 3579 2694 3660 ambagibus

493 3697 867 3778 respondet,
918 3715 1053 3764 non
1100 3699 1243 3764 sine
1288 3698 1559 3780 parodia
1602 3699 1880 3764 alterius
1928 3700 2130 3766 verba
2175 3701 2488 3766 imitans:
2525 3716 2528 3720 ’

675 3817 823 3883 Non
881 3818 1108 3899 edepol
1167 3835 1345 3884 1111116
1399 3835 1520 3898 ego
1567 3822 1638 3884 te
1685 3819 1998 3886 mediocri
2044 3825 2267 3888 macto
2311 3821 2692 3906 infortuniO,

674 3938 800 4004 Sed
844 3956 1039 4021 eopse
1084 3938 1193 4005 1116
1238 3957 1368 4021 quo
1415 3943 1709 4006 mactare
1756 3941 1930 4007 86166
1976 3942 2131 4023 quoi
2174 3942 2268 4007 nil
2313 3943 2534 4009 debeo.

584 4061 690 4126 Ad
740 4078 907 4143 quae
957 4061 1609 4142 Therapontigonus:

675 4184 774 4249 Ne
823 4187 892 4249 te
938 4183 1032 4248 mi
1078 4183 1285 4248 facias
1329 4183 1613 4249 ferocem
1660 4187 1783 4248 aut
1831 4185 2201 4266 supplicare
2245 4203 2536 4252 censeas.

587 4305 920 4370 Ultimum
981 4303 1163 4369 6111111
1225 4321 1499 4369 versum
1557 4307 1736 4370 recte
1782 4305 2071 4372 editores
2117 4307 2426 4373 tribuunt
2471 4307 2691 4390 militi,

490 4427 648 4492 licet
717 4427 786 4490 in
856 4426 1189 4492 codicibus
1251 4425 1445 4492 initio
1507 4442 1745 4492 versus
1807 4428 2076 4507 signum
2137 4446 2459 4510 personae
2519 4430 2693 4495 desit
