3450 5350
1303 1319 1875 1402 INDEX.

1475 1533 1712 1540 -———————-—-—

443 1665 722 1721 Praefatio
727 1705 2398 1722 ...................
2475 1682 2605 1734 pag.
2686 1665 2736 1718 1.

445 1771 576 1841 Cap.
616 1772 659 1826 Ι.
811 1773 891 1826 De
933 1771 1278 1828 Curculionis
1317 1776 1445 1826 actu
1484 1774 1666 1842 primo
1744 1811 2404 1828 ........
2522 1794 2551 1823 n
2685 1771 2737 1825 3.

443 1876 578 1947 Gap.
622 1877 694 1932 II.
809 1878 892 1933 De
934 1878 1280 1934 Curculionis
1319 1881 1450 1934 actu
1489 1878 1731 1933 secundo
1748 1899 2549 1932 .........
2650 1876 2737 1929 15.

443 1982 578 2052 Cap.
617 1983 717 2038 III.
807 1983 887 2038 De
924 1984 1198 2041 vocabulo
1235 2003 1289 2054 q.
1331 2000 1378 2038 e.
1413 1983 1688 2038 dierectus
1744 2021 2403 2036 ........
2520 2004 2549 2033 >>
2647 1981 2739 2034 21.

444 2086 577 2157 Cap.
616 2087 714 2141 IV.
808 2089 888 2142 De
917 2088 1261 2144 Curculionis
1280 2093 1415 2145 acfiu
1434 2089 1674 2144 secundo
1693 2070 2402 2169 conticenturdisputatio.
2520 2109 2549 2138 ιο
2648 2087 2737 2140 27.

443 2191 576 2262 Cap.
614 2193 681 2247 V.
803 2194 886 2249 De
931 2195 1242 2264 particulae
1280 2195 1472 2265 itaque
1511 2193 1660 2264 apud
1701 2194 1966 2249 Plautum
2006 2191 2125 2247 usu.
2205 2231 2219 2246 .
2298 2233 2311 2246 .
2390 2233 2404 2246 .
2521 2214 2549 2242 n
2647 2193 2738 2247 47.

443 2297 576 2368 Cap.
617 2298 712 2353 VI.
800 2299 881 2353 De
927 2298 1272 2354 Curculionis
1315 2303 1449 2354 actu
1494 2299 1735 2355 secundo
1776 2298 1848 2353 ad
1886 2299 2049 2352 finem
2080 2295 2405 2367 perducitur

789 2389 1097 2458 disputatio
1189 2426 2404 2445 ..............
2522 2405 2549 2440 1>
2648 2385 2739 2440 52.

447 2493 581 2562 Cap.
621 2492 745 2550 VII.
803 2494 884 2548 De
923 2494 1267 2550 Curculionis
1306 2497 1437 2549 acfiu
1479 2495 1648 2551 tertio
1654 2531 2405 2548 .........
2521 2513 2549 2542 2>
2650 2491 2739 2544 56.

449 2600 584 2670 Cap.
622 2599 774 2654 VIII.
801 2600 882 2655 De
903 2601 1250 2657 Curculionis
1277 2616 1418 2670 quae
1447 2599 1653 2656 diciizur
1675 2599 1948 2670 pat-abasi.
1970 2596 2407 2668 Topographica.
2524 2618 2553 2647 >>
2654 2597 2742 2650 71.

452 2706 584 2776 Cap.
623 2707 720 2762 IX.
803 2707 885 2761 De
931 2707 1041 2764 loci
1091 2708 1149 2761 in
1200 2708 1522 2764 Trinummo
1561 2708 1694 2781 (825
1717 2708 1863 2781 sqq.)
1899 2704 2145 2761 versibus
2184 2704 2411 2775 quibus-

796 2796 922 2851 dam
961 2797 1242 2854 immerito
1282 2797 1567 2867 suspectis.
1660 2835 2413 2855 .........
2530 2816 2557 2845 »
2623 2794 2745 2848 105.

453 2902 588 2971 Cap.
625 2904 691 2958 X.
793 2903 874 2957 Ds
913 2903 1257 2959 Curculionis
1295 2907 1427 2959 actu
1463 2906 1664 2974 quarto
1756 2942 2415 2959 ........
2530 2922 2559 2951 »
2623 2900 2747 2955 113.

455 3007 588 3077 Cap.
627 3008 721 3064 XI.
788 3009 870 3064 De
908 3009 1258 3066 Curculionis
1297 3013 1430 3065 actu
1469 3009 1666 3080 quinizo
1673 3046 2414 3064 .........
2530 3027 2559 3056 r>
2625 3005 2746 3059 137.

455 3144 658 3219 Theses
741 3184 2417 3201 ...................
2533 3164 2561 3194 n
2624 3143 2749 3197 165.
