3450 5350
1841 590 1925 653 26

806 769 976 834 Men.
1022 769 1151 834 452
1190 787 1308 850 pro
1347 771 1525 835 ducit
1563 772 1903 836 substituo
1939 770 2221 853 abducit,
2248 771 2419 850 quod
2464 771 2743 835 verbum
2784 771 2996 835 multo

797 893 1025 972 aptius
1065 891 1229 956 mihi
1269 892 1535 957 videtur
1564 910 1764 973 quam
1799 892 2085 973 simplex
2120 891 2377 966 ducere,
2427 908 2583 957 nam
2636 891 2995 958 abducunt

795 1013 1156 1092 praedones
1203 1013 1308 1078 vel
1347 1031 1554 1079 naves
1591 1014 2063 1095 praedatoriae.
2106 1013 2303 1079 Mero,
2352 1014 2472 1076 184
2514 1013 2787 1078 omnino
2827 1013 2991 1077 mihi

794 1134 1010 1215 placet
1071 1135 1243 1215 quod
1291 1135 1572 1200 coniecit
1616 1136 1868 1200 Oinous
1911 1135 1952 1199 l.
2001 1135 2043 1198 1.
2092 1152 2155 1215 p.
2206 1135 2313 1210 63,
2362 1135 2474 1215 qui
2520 1137 2681 1198 ante
2727 1151 2989 1214 παραφε

792 1255 1030 1320 inserit
1091 1259 1233 1321 tun.
1301 1255 1498 1321 Poen.
1565 1257 1695 1322 347
1758 1274 1912 1321 cum
1960 1256 2238 1321 PYLAnn
2284 1259 2438 1336 post
2486 1256 2695 1320 hercle
2739 1258 2846 1320 est
2893 1255 2983 1319 in·

793 1377 1150 1442 serendum
1189 1380 1301 1441 est.
1344 1377 1512 1442 Rud.
1560 1377 1734 1441 1170
1774 1381 2137 1458 transpono
2177 1379 2203 1442 i
2243 1380 2337 1441 tu.
2388 1376 2643 1455 Versus
2669 1376 2987 1443 Varronis

793 1497 889 1562 sio
951 1498 1287 1563 emendari
1343 1500 1600 1578 potest:
1655 1513 1901 1583 „apage
1947 1497 2392 1568 indirectum
2446 1502 2652 1565 <tu>
2708 1515 2748 1562 a
2790 1497 2987 1572 ¹domo

791 1624 1029 1686 nostra
1073 1620 1278 1686 istam
1323 1618 1844 1702 insanitatem'’;
1887 1639 2010 1702 pro·
2044 1622 2119 1686 in
2158 1621 2486 1686 directum
2524 1621 2604 1686 of.
2649 1619 2801 1686 Sen.
2842 1623 2985 1685 nat.

790 1743 1049 1822 quaest.
1101 1742 1163 1818 6,
1215 1742 1334 1806 20:
1386 1743 1656 1827 „eadere
1700 1742 1772 1806 in
1819 1741 2213 1807 directum.”
2246 1741 2323 1819 ¹)-

881 1862 1064 1943 Quod
1132 1866 1361 1928 autern
1431 1865 1781 1929 amovendi
1855 1862 2328 1952 tantummodo
2411 1864 2633 1929 verbis
2716 1862 2987 1942 adiungi

791 1984 1182 2066 adverbium
1229 1989 1537 2051 nostrum
1585 1985 1904 2065 dicebam,
1936 2002 2115 2050 unus
2159 1985 2265 2050 hio
2310 1990 2637 2067 repugnat
2660 1983 2985 2050 Curculio-

792 2104 900 2170 nis
957 2105 1157 2186 loouS,
1223 2123 1426 2187 quare
1486 2123 1618 2171 non
1681 2107 1957 2171 dubium
2018 2107 2306 2182 videtur,
2368 2106 2527 2187 quin
2589 2106 2766 2172 aliud
2828 2103 2985 2186 quid

790 2225 882 2292 ibi
929 2227 1022 2291 sit
1067 2225 1452 2306 legendum:
1510 2227 1757 2293 conicio
1804 2234 2032 2293 autem
2080 2227 2437 2313 dzjffractus
2482 2226 2833 2304 (traditum
2877 2229 2985 2292 est

789 2346 1173 2430 dieructus).
2858 2361 2862 2364 “

864 2605 915 2669 1)
960 2605 1029 2659 Ut
1063 2605 1298 2668 directus,
1345 2602 1422 2658 sio
1469 2605 1524 2657 et
1559 2603 1787 2656 diversus
1822 2601 1977 2656 variis
2012 2601 2291 2657 adhibetur
2327 2601 2519 2658 modis:
2557 2619 2737 2668 „suam
2774 2601 2989 2675 quisque

791 2692 940 2748 ibant
976 2691 1173 2747 divorsi
1211 2690 1462 2745 domum”
1493 2688 1632 2745 Rud.
1673 2691 1828 2754 12553
1869 2688 2137 2756 „divorsus
2176 2688 2472 2745 distrahor”
2510 2690 2669 2745 Mero.
2709 2692 2838 2754 470;
2884 2688 2989 2757 „di-

795 2798 973 2834 versae
1009 2779 1182 2834 state'’
1215 2778 1378 2836 Tmo..
1410 2778 1544 2843 7973
1579 2776 1824 2842 „divorse
1859 2774 2112 2831 trahunt”
2151 2778 2269 2845 (alii
2302 2776 2629 2845 „divorsae’')
2662 2776 2781 2832 Ter.
2819 2775 2986 2832 Andr.

795 2868 899 2921 260
909 2890 927 2933 3
969 2866 1209 2931 „diverse
1243 2863 1517 2921 iacebant”
1554 2865 1710 2918 Auet.
1752 2863 1813 2916 B.
1851 2861 1965 2917 Afr.
2003 2865 2102 2929 403
2143 2862 2433 2931 „diversius
2463 2862 2835 2919 conciderant”
2864 2863 2985 2918 Sall.

795 2953 906 3009 Cat.
959 2954 1056 3019 613
1105 2949 1434 3023 „dispennite
1481 2950 1744 3004 hominem
1780 2947 2083 3003 divorsum”
2121 2950 2294 3004 Plant.
2332 2950 2445 3005 Mil.
2492 2952 2621 3006 1407
2636 2974 2654 3017 3
2690 2950 2779 3017 „in
2817 2950 2987 3005 diver-

793 3059 903 3095 sum
944 3033 1195 3094 trahunt’'
1235 3037 1354 3092 Liv.
1392 3036 1570 3102 XXV,
1610 3038 1696 3105 11,
1736 3038 1782 3091 8.
1821 3035 2054 3090 Eandem
2091 3036 2176 3092 hic
2205 3037 2534 3109 agnoscimus
2571 3037 2889 3093 varietatem.
