3450 5350
1792 595 1876 658 72

921 777 1043 858 Qui
1091 776 1479 843 mendacem
1523 780 1593 842 et
1631 777 2007 861 gloriosum,
2052 776 2228 858 apud
2268 774 2609 841 Cloacinae
2648 791 2930 841 sacrum.

918 899 1093 965 Ditis
1140 899 1495 965 damnosos
1541 899 1821 964 maritos
1867 899 1993 964 sub
2038 897 2309 964 basilica
2352 896 2670 978 quaerito.

918 1019 1172 1086 Ibidem
1234 1022 1437 1086 erunt
1483 1023 1702 1087 scorta
1749 1020 2011 1085 exoleta
2055 1019 2299 1100 quique
2346 1017 2651 1100 stipulari
2697 1017 2932 1094 solent,
3051 1075 3056 1080 .

919 1141 1386 1225 Symbolarum
1434 1141 1781 1207 collatores
1826 1139 2002 1221 apud
2047 1140 2263 1205 forum
2310 1138 2691 1219 piscarium.

740 1263 872 1331 475
919 1263 996 1328 In
1044 1262 1182 1329 foro
1229 1263 1460 1328 infimo
1504 1262 1661 1328 boni
1704 1261 2009 1327 homines
2056 1264 2257 1341 atque
2301 1259 2474 1324 dites
2520 1259 2885 1344 ambulant,

919 1385 999 1450 In
1047 1385 1260 1449 medio
1307 1385 1576 1464 propter
1622 1381 1941 1458 canalem,
1987 1382 2079 1446 ibi
2125 1384 2574 1447 ostentatores
2620 1382 2819 1462 meri3

919 1506 1343 1572 confidentes
1386 1504 1759 1585 garrulique
1804 1507 1875 1569 et
1920 1502 2227 1568 malevoli
2274 1520 2478 1584 supra
2519 1501 2760 1585 lacum,

922 1628 1046 1708 Qui
1091 1626 1284 1692 alteri
1328 1625 1407 1690 de
1455 1625 1659 1690 nihilo
1703 1625 2022 1691 audacter
2073 1624 2305 1690 dicunt
2351 1624 2823 1689 contumeliam

922 1749 1009 1814 Et
1051 1749 1164 1830 qui
1209 1747 1338 1829 ipsi
1387 1749 1497 1812 sat
1540 1747 1792 1811 habent
1838 1745 2011 1827 quod
2048 1746 2116 1810 in
2157 1762 2230 1811 se
2271 1761 2428 1810 vere
2463 1745 2677 1826 possit
2715 1745 2935 1811 dicier.

746 1871 878 1935 480
925 1868 1063 1935 Sub
1124 1868 1488 1944 veteribuS‚
1548 1867 1640 1933 ibi
1703 1870 1869 1933 sunt
1929 1867 2044 1948 qui
2102 1867 2266 1932 dant
2314 1867 2556 1948 quique
2601 1866 2939 1948 accipiunt

807 1959 814 1968 ’
2536 1987 2841 2067 [faenore.

921 2111 1101 2178 Pone
1161 2111 1393 2178 aedem
1441 2111 1753 2196 Castoris,
1804 2111 1897 2177 ibi
1944 2113 2109 2177 sunt
2152 2111 2377 2177 subito
2421 2110 2666 2192 quibus
2708 2110 2937 2176 credas

2622 2224 2857 2310 [male.”
2944 2287 2949 2292 .

921 2355 999 2419 In
1026 2354 1241 2420 Tusco
1265 2354 1432 2436 vico,
1457 2354 1549 2419 ibi
1573 2357 1738 2420 sunt
1762 2354 2067 2420 homines
2091 2353 2206 2435 qui
2228 2353 2357 2434 ipsi
2382 2370 2529 2418 sese
2553 2353 2934 2430 venditant,

922 2475 1000 2540 In
1047 2475 1329 2541 Velabro
1387 2473 1494 2540 vel
1540 2475 1862 2554 pistorem
1910 2475 2017 2540 vel
2062 2474 2317 2540 lanium
2362 2474 2469 2540 vel
2513 2475 2935 2557 haruspicem

923 2596 1048 2662 Vel
1094 2597 1207 2679 qui
1253 2596 1383 2678 ipsi
1429 2599 1709 2662 vortant
1754 2596 1861 2662 vel
1900 2597 2013 2679 qui
2052 2596 2199 2662 aliis
2237 2599 2315 2662 ut
2355 2600 2712 2662 vorsentur
2757 2613 2939 2679 prae-

2596 2720 2842 2799 [beant.

727 2839 875 2915 ,485
920 2840 1098 2905 Ditis
1151 2841 1508 2906 damnosos
1555 2840 1833 2906 maritos
1878 2841 2054 2922 apud
2099 2838 2499 2906 Leucadiam
2546 2841 2845 2923 Oppiam.

922 2959 1050 3026 Sed
1112 2961 1383 3026 interim
1445 2960 1618 3027 fores
1671 2978 2019 3042 crepuere:
2076 2961 2340 3043 linguae
2387 2961 2937 3027 moderandumst

2634 3083 2842 3160 [mihi.

833 3203 1065 3269 Plures
1110 3204 1180 3268 in
1228 3203 1333 3268 his
1380 3204 1686 3269 versibus
1732 3204 1971 3269 insunt
2016 3203 2461 3271 difficultates.
2509 3204 2652 3270 Iam
2700 3205 2936 3270 statim

743 3325 1018 3391 secundi
1087 3340 1326 3390 versus
1396 3325 1611 3407 prima
1680 3342 1818 3391 vox
1878 3326 2130 3391 multas
2195 3326 2357 3391 viris
2418 3326 2627 3391 doctis
2687 3327 2941 3407 peperit

743 3445 1104 3512 molestias.
1177 3445 1394 3511 Meras
1463 3462 1678 3525 nugas
1746 3447 1817 3513 in
1886 3463 2047 3511 voce
2116 3446 2615 3527 interpretanda
2677 3450 2939 3513 veteres

742 3568 1060 3648 praebent
1117 3567 1556 3646 grammatici.
1621 3566 1728 3631 Sic
1783 3567 2043 3633 Nomos
2088 3585 2151 3648 p.
2206 3568 2351 3651 120,
2403 3570 2444 3632 8
2492 3569 2696 3634 habet
2738 3570 2931 3636 haec:

750 3688 1261 3775 „halophantam
1323 3691 1404 3754 ut
1463 3687 1952 3772 sycophantam
1999 3682 2351 3756 hominum
2387 3706 2601 3769 genus
2647 3708 2935 3772 nequam

742 3810 914 3891 quod
960 3810 1041 3874 ob
1089 3810 1342 3875 suenda
1388 3810 1733 3876 mendacia
1774 3810 2147 3877 miserrima
2187 3812 2487 3877 mercede
2526 3813 2935 3877 conducitur.

745 3929 1059 3996 Plautus:
1108 3930 1541 3996 ‘halofantam
1577 3934 1700 3997 aut
1737 3932 2226 4015 sycophantam
2264 3933 2479 4013 magis
2513 3949 2662 3998 esse
2699 3934 2936 3999 dicam’

743 4054 814 4115 et
897 4052 1066 4117 alius
1142 4051 1513 4117 nobilitatis
1595 4054 1915 4118 obscurae
1988 4053 2481 4135 ‘halophantam
2549 4056 2938 4121 mendacem

743 4173 1025 4239 velim”’
1047 4173 1366 4244 :Fnsrus
1412 4173 1602 4239 Pauli
1648 4176 1912 4258 p.101,
1970 4175 2086 4240 18:
2144 4174 2559 4261 „Halapanta
2605 4176 2938 4257 significat

744 4295 968 4361 omnia
1027 4245 1469 4360 mentientem
1521 4296 1603 4359 ab
1651 4312 1729 4360 eo
1776 4297 1948 4376 quod
1995 4296 2177 4361 halet
2222 4297 2466 4362 omnia.
2509 4292 2709 4367 Ἀλην
2756 4297 2937 4362 enim

746 4416 981 4485 Graeci
1041 4439 1147 4488 την
1210 4414 1471 4498 πλάνην,
1533 4415 1601 4480 id
1663 4418 1773 4481 est
1833 4416 2193 4501 fallentem,
2256 4415 2659 4499 appellant&
2708 4417 2937 4499 Neque
