3450 5350
1522 578 1649 645 103

490 760 841 828 nominum
878 762 1214 841 genitivos
1252 761 1683 843 corripiunt-”3
1724 762 1951 843 Quint.
1978 763 2028 844 I,
2059 764 2120 837 5,
2147 764 2266 829 60:
2311 766 2684 850 „Castorem

490 883 710 949 media
778 883 1034 966 syllaba
1101 884 1421 964 producta
1481 885 2069 964 pronuntiarunt'’.
2134 885 2406 953 Praeter
2467 905 2688 955 exem-

490 1005 676 1087 plum
735 1004 1085 1071 laudatum
1146 1024 1187 1071 a
1249 1006 1549 1071 Varrone
1611 1007 1822 1072 etiam
1883 1006 2012 1072 duo
2058 1012 2338 1074 exstant
2383 1011 2686 1091 exempla

490 1128 789 1193 eiusdem
858 1132 1092 1207 poetae
1138 1128 1312 1209 apud
1360 1128 1490 1193 Cic.
1538 1129 1606 1194 in
1654 1128 1850 1193 Tusc.
1901 1129 2090 1210 disp„
2139 1130 2428 1196 alterum
2474 1132 2522 1214 I,
2577 1134 2684 1214 44,

499 1248 661 1313 105:
718 1249 1117 1328 „Hectorem
1165 1266 1365 1314 curru
1412 1249 1803 1331 quadriiugo
1847 1251 2234 1333 raptarier'',
2277 1252 2564 1318 alterum
2602 1253 2685 1335 H,

499 1373 604 1448 17,
650 1370 772 1436 39:
843 1372 996 1455 „ubi
1056 1372 1325 1437 fortuna
1371 1371 1677 1437 Hectoris
1723 1374 2027 1437 nostram
2071 1389 2294 1438 acrem
2339 1375 2548 1439 aciem
2595 1377 2687 1440 in-

492 1492 877 1570 clinatam’¹.
924 1492 1111 1558 Licet
1156 1492 1363 1573 igitur
1406 1494 1682 1559 tantum
1726 1493 2021 1559 nominis
2068 1493 2377 1560 Hectoris
2414 1500 2690 1562 exstent

500 1614 827 1695 exempla,
888 1616 1117 1679 tamen
1182 1630 1315 1678 non
1378 1612 1567 1679 facile
1628 1617 1736 1679 est
1795 1614 2165 1689 intellectu,
2222 1615 2380 1695 quid
2448 1616 2689 1681 JORDA'-

496 1754 642 1801 mm
701 1752 970 1801 movere
1030 1737 1264 1816 possit,
1328 1740 1410 1800 ut
1469 1753 1667 1801 casus
1712 1736 2008 1817 obliquos
2052 1737 2346 1803 nominis
2395 1738 2692 1804 Castoris

494 1859 670 1940 apud
717 1861 981 1924 veteres
1032 1857 1524 1940 paenultimam.
1558 1859 1950 1939 produxisse
2011 1860 2177 1925 nolit
2215 1859 2498 1936 credere,
2537 1877 2691 1925 cum

496 1980 765 2062 quidem
828 1980 909 2047 de
970 1981 1240 2046 nomine
1301 1981 1613 2046 Hectoris
1671 1984 1958 2047 constet.
2021 1982 2256 2065 Imm0,
2323 1982 2382 2047 si
2428 1985 2693 2047 veteres

502 2120 746 2169 nomen
810 2103 1122 2168 Hectoris
1180 2102 1514 2168 flexerunt
1556 2106 1905 2184 tamquam
1952 2103 2010 2167 si
2051 2120 2293 2169 nomen
2340 2107 2522 2169 esset
2569 2104 2689 2169 Ro-

498 2243 796 2302 manum,
861 2228 1056 2290 tanto
1115 2225 1537 2322 verisimilior
1593 2225 1664 2289 in
1711 2224 1982 2290 nomine
2030 2224 2324 2291 Castoris
2371 2242 2537 2290 usus
2584 2225 2690 2290 ille

495 2350 636 2411 est:
707 2348 885 2411 hunc
942 2346 1125 2411 enim
1188 2346 1390 2411 deum
1451 2362 1489 2411 e
1551 2345 1829 2411 Graecia
1889 2363 2036 2412 esse
2097 2346 2451 2412 oriundum
2514 2347 2688 2412 baud

496 2467 694 2533 dubie
760 2466 1056 2549 plerique
1122 2468 1411 2532 Romani
1477 2467 1613 2532 iam
1682 2471 1877 2532 erant
1943 2468 2151 2533 obliti.
2215 2468 2396 2549 Quod
2457 2472 2690 2534 autem

494 2590 799 2672 exempla
858 2592 1132 2656 tantum
1177 2589 1551 2655 afferuntur
1596 2589 1890 2655 nominis
1936 2590 2246 2655 Hectoris
2292 2589 2690 2673 (secundum

496 2713 535 2778 J
538 2729 863 2778 oRnAmm
921 2714 1129 2778 etiam
1178 2711 1503 2793 NestoriS,
1552 2711 1667 2776 sed
1712 2711 1918 2777 huius
1963 2712 2259 2778 nominis
2303 2712 2690 2793 exemplum

495 2852 629 2900 non
675 2835 929 2912 inveni)
976 2850 1183 2915 eaque
1228 2851 1311 2898 ex
1356 2833 1590 2916 Enni0,
1641 2833 1962 2898 nimirum
2003 2849 2138 2898 non
2179 2837 2303 2916 est,
2347 2850 2466 2898 cur
2503 2833 2689 2899 Plau·

490 2959 641 3022 tum
686 2955 916 3021 eadem
965 2972 1165 3020 usum
1214 2955 1653 3020 declinatione
1683 2955 2103 3019 dubitemus.
2168 2954 2402 3020 Plures
2447 2972 2690 3020 causae
2727 2961 2733 2968 ’

491 3095 640 3144 esse
711 3081 1094 3159 potuerunt,
1165 3093 1283 3142 cur
1352 3077 1566 3142 Varro
1631 3094 1848 3158 neque
1909 3077 2292 3158 exemplum
2354 3093 2390 3142 e
2451 3077 2690 3142 Plauto

491 3199 758 3264 afferret
819 3215 1034 3279 neque
1097 3198 1389 3263 nominis
1450 3197 1751 3263 Castoris
1805 3197 1912 3262 hic
1959 3198 2206 3263 faceret
2253 3199 2686 3263 mentionem.

490 3321 793 3386 Primum
861 3320 1040 3385 enim
1109 3338 1348 3386 nomen
1418 3321 1750 3396 Hectoris,
1820 3320 2061 3401 quippe
2124 3319 2297 3400 quod
2358 3319 2689 3385 Graecum

492 3460 639 3508 esse
704 3443 1162 3524 unusquisque
1229 3443 1467 3508 statim
1530 3443 1836 3523 sentiret,
1885 3442 2101 3521 magis
2145 3442 2416 3507 valebat
2458 3442 2542 3506 ad
2587 3442 2689 3506 de·

492 3564 1006 3630 monstrandum
1066 3564 1239 3645 quod
1302 3564 1761 3630 demonstrare
1820 3564 2117 3644 volebat;
2176 3563 2408 3628 deinde
2455 3579 2571 3644 per
2616 3581 2689 3628 se

492 3684 887 3764 intelligitur
947 3685 1265 3750 Plautum
1320 3701 1454 3750 non
1505 3690 1646 3750 tam
1693 3684 2018 3766 exemplis
2065 3684 2440 3750 abundasse
2486 3702 2688 3766 quam

492 3807 805 3887 Ennium,
847 3807 960 3887 qui
1006 3806 1273 3887 quidem
1307 3807 1594 3873 Graecas
1640 3807 2015 3886 tragoedias
2061 3807 2300 3871 Latine
2345 3806 2684 3885 vertisset,

491 3933 571 3994 ut
618 3928 871 3994 nemini
920 3929 1168 3993 mirum
1214 3929 1423 3994 videri
1470 3930 1684 4010 possit
1729 3929 1902 4010 apud
1947 3945 2106 3994 eum
2129 3926 2318 4008 plura
2340 3928 2689 3992 exstitisse

492 4051 797 4133 exempla
860 4052 1209 4116 nominum
1272 4051 1695 4126 Graecorum,
1759 4067 1928 4132 quae
1990 4051 2190 4129 vulgo
2250 4053 2445 4115 erant
2507 4051 2688 4124 nota,

492 4189 692 4252 quam
739 4171 915 4252 apud
962 4170 1299 4252 Plautum,
1350 4173 1464 4252 qui
1508 4173 1578 4237 in
1626 4171 1765 4236 sola
1811 4171 2142 4237 comoedia
2188 4170 2512 4236 vertenda
2549 4173 2690 4235 stu-

492 4293 679 4358 dium
723 4295 1058 4374 posuerat.
1132 4293 1328 4373 Apud
1374 4310 1575 4374 quem
1622 4311 1826 4374 quam
1871 4309 2020 4358 rara
2066 4292 2372 4372 exempla
2418 4292 2683 4374 fuerint,

492 4431 577 4478 ex
643 4414 811 4496 ipsis
872 4432 1133 4496 quoque
1193 4415 1435 4480 fabulis
1496 4415 1977 4495 superstitibus
2036 4414 2466 4496 perspicitur;
2528 4431 2687 4479 nam
