3450 5350
1529 587 1610 651 81

477 782 565 830 an
626 781 859 831 revera
918 766 1175 833 Fns'rus
1235 784 1369 833 non
1416 767 1725 849 loquatur
1772 768 1852 834 de
1903 767 2218 833 tabernis,
2267 767 2495 849 Neque
2542 785 2678 833 vox

478 904 683 951 novas
743 903 957 968 neque
1025 889 1317 969 quinque
1384 905 1595 970 neque
1641 889 1956 954 tabernas
1998 892 2325 969 superest,
2375 888 2489 954 sed
2537 906 2680 954 -vas

480 1006 622 1088 (qui
682 1007 837 1073 finis
896 1024 1043 1074 esse
1105 1012 1330 1090 potest
1387 1026 1443 1074 e.
1494 1026 1554 1090 g.
1619 1016 1805 1076 vocis
1861 1014 2057 1091 quas)
2096 1012 2170 1074 et
2213 1028 2332 1074 as.
2381 1009 2677 1074 Tantum

480 1146 615 1193 vox
673 1131 917 1211 septem
978 1135 1302 1211 superest.
1353 1130 1734 1197 Admodum
1781 1131 1986 1210 igitur
2033 1129 2466 1196 temerarium
2513 1130 2681 1195 mihi

482 1249 752 1316 videtur
818 1269 935 1332 pro
1003 1256 1185 1318 certo
1248 1255 1549 1319 statuere
1609 1254 1718 1317 hic
1772 1253 2184 1318 mentionem
2230 1253 2375 1318 fieri
2419 1256 2679 1335 septem

481 1371 931 1438 tabernarum.
1000 1372 1228 1456 Atque
1278 1376 1635 1441 omninone
1679 1378 1826 1441 tam
1870 1374 2231 1441 verisimile
2275 1376 2386 1440 est
2430 1373 2538 1439 hic
2573 1374 2681 1453 agi

483 1491 563 1557 de
606 1493 955 1559 tabernis?
1000 1494 1419 1578 Quamquam
1464 1497 1641 1563 haud
1687 1497 1910 1561 nescio
1954 1494 2264 1561 aedilium
2305 1486 2708 1561 censorum?

481 1630 611 1695 que
658 1614 871 1681 officia
927 1635 1059 1683 non
1109 1634 1371 1701 semper
1417 1619 1515 1684 ita
1558 1618 1748 1684 facile
1795 1618 2119 1697 distingui
2165 1634 2378 1699 posse,
2429 1619 2681 1692 tamen,

484 1739 820 1815 quantum
884 1740 1040 1817 scio,
1102 1758 1367 1823 semper
1418 1741 1584 1807 alias
1629 1757 1836 1821 penes
1880 1757 2188 1807 censores
2233 1744 2342 1806 est
2385 1757 2542 1805 cura
2587 1742 2682 1805 ta-

486 1857 845 1924 bernarum
896 1861 1475 1929 aedificandarum.
1524 1862 1752 1929 Etiam
1797 1880 1885 1928 ex
1929 1862 2372 1943 appellatione
2419 1861 2690 1943 plebeia·

485 1994 639 2042 rum
700 1954 1121 2048 efficiendum
1176 2001 1326 2050 esse
1370 1984 1538 2049 mihi
1584 1983 1854 2049 videtur
1900 1982 2008 2047 hic
2053 1982 2161 2063 agi
2209 1981 2289 2048 de
2333 1981 2552 2064 aliqua
2598 1999 2691 2072 re,

487 2118 656 2183 quae
702 2103 955 2169 solebat
1000 2105 1143 2170 fieri
1181 2106 1266 2171 ab
1306 2106 1630 2171 aedilibus
1666 2104 2028 2188 curulibuS,
2057 2103 2173 2169 sed
2214 2122 2390 2169 nunc
2428 2107 2695 2184 praeter

488 2239 744 2289 morem
790 2224 969 2291 facta
1015 2230 1161 2291 erat
1202 2226 1286 2291 ab
1332 2227 1654 2292 aedilibus
1694 2226 1989 2306 plebeiis.
2030 2224 2102 2289 Si
2140 2226 2467 2306 oppositio
2502 2225 2694 2289 fieret

485 2346 665 2411 inter
731 2364 1041 2413 censores
1102 2329 1173 2413 et
1231 2347 1495 2423 aediles,
1551 2347 1897 2413 aedilicius
1959 2346 2201 2412 nomen
2269 2346 2484 2425 magis
2546 2363 2693 2411 con-

490 2470 890 2533 sentaneum
934 2469 1125 2535 foret.
1530 2556 1536 2565 ⁸

578 2589 743 2654 Post
787 2591 961 2656 hanc
982 2590 1177 2656 'satis
1223 2590 1487 2670 longam
1532 2608 1573 2655 a
1612 2590 1786 2655 Livii
1831 2589 1970 2656 loco
2016 2590 2505 2655 aberrationem
2551 2589 2687 2654 iam

490 2711 573 2776 ad
621 2712 846 2792 ipsum
893 2716 1213 2779 revertor.
1265 2713 1465 2779 Patet
1508 2716 1765 2789 autem,
1814 2712 1872 2776 si
1918 2728 2155 2777 verum
2201 2715 2306 2776 est
2353 2711 2524 2791 quod
2565 2710 2690 2776 dis-

492 2836 747 2918 putavi,
811 2836 1051 2918 locum,
1116 2837 1294 2902 sicut
1339 2836 1423 2900 ad
1469 2853 1592 2901 nos
1640 2835 1970 2916 pervenit,
2030 2837 2211 2899 stare
2282 2850 2412 2898 non
2475 2849 2689 2913 posse.

493 2954 817 3035 Quoniam
864 2958 1045 3023 enim
1092 2958 1265 3023 dixit
1309 2957 1542 3023 Livius
1595 2957 1934 3042 „pluribus
1977 2952 2181 3020 simul
2225 2952 2427 3020 locis'’
2474 2954 2690 3018 incen-

493 3080 679 3144 dium
738 3084 963 3146 ortum
1022 3097 1193 3156 esse,
1248 3083 1320 3145 et
1364 3083 1633 3161 postea:
1689 3094 1852 3164 „nec
1897 3077 2016 3143 ulli
2061 3076 2339 3141 dubium
2383 3079 2534 3140 erat
2577 3074 2692 3138 bu-

494 3219 696 3267 mana
757 3202 824 3266 id
883 3203 1115 3268 fraude
1172 3203 1429 3268 factum
1490 3217 1655 3284 esse,
1719 3199 1892 3280 quod
1941 3197 2242 3280 pluribus
2287 3194 2489 3261 simul
2532 3193 2692 3260 locis

494 3326 565 3388 et
623 3323 708 3388 iis
770 3324 1055 3390 diversis
1115 3324 1305 3403 ignes
1352 3323 1562 3389 coorti
1606 3320 1905 3402 essent”‚
1954 3319 2097 3386 fieri
2142 3334 2277 3384 non
2323 3317 2567 3398 potuit,
2613 3318 2693 3380 ut

495 3465 709 3512 unum
755 3449 1029 3512 tantum
1079 3446 1295 3513 locum
1342 3445 1738 3525 nominaret,
1806 3459 2022 3524 neque
2067 3440 2233 3506 duos
2278 3437 2473 3514 locos»,
2519 3431 2692 3518 quod

496 3571 728 3634 tamen
791 3569 888 3649 fit,
952 3568 1012 3633 si
1073 3567 1253 3633 viros
1309 3566 1536 3632 doctos
1582 3565 1926 3646 sequimur
1943 3584 1959 3644 3
2009 3579 2168 3627 nam
2215 3560 2343 3626 duo
2387 3558 2510 3624 loci
2556 3575 2691 3623 non

498 3691 739 3771 plure
758 3707 793 3754 s
861 3689 988 3755 dici
1056 3691 1362 3770 possunt.
1431 3686 1758 3768 Equidem
1825 3686 1919 3750 sic
1987 3687 2067 3750 ut
2132 3682 2392 3762 legatur
2458 3681 2692 3745 auctor

492 3828 679 3877 sum:
751 3859 781 3893 „
816 3813 839 3874 .’
862 3857 877 3873 .
993 3809 1297 3890 pluribus
1356 3808 1561 3873 simul
1619 3807 1784 3872 locis
1827 3806 1998 3870 circa
2044 3803 2263 3868 forum
2309 3798 2692 3866 incendium

492 3936 753 3997 ortum:
798 3931 1032 3997 eodem
1084 3933 1383 4010 tempore
1437 3931 1699 4010 septem
1745 3927 2064 3992 tabernae
2122 3959 2185 3970 ·-
2241 3939 2415 4004 quae
2459 3923 2696 4003 postea

494 4053 786 4134 quinque
832 4054 1085 4116 erant
1139 4086 1209 4096 —
1264 4049 1704 4130 argentariae,
1753 4064 1924 4128 quae
1971 4025 2150 4110 nunc
2199 4043 2429 4112 Novae
2472 4039 2697 4121 appel-.-

493 4171 737 4253 lantur,
809 4187 1031 4236 arsere
1045 4192 1073 4250 ;
1142 4169 1619 4251 comprehensa
1689 4167 1856 4250 (scil.
1927 4166 2074 4246 iyni
2133 4164 2434 4239 subiecto)
2497 4178 2541 4242 p
2558 4162 2697 4253 ost

495 4308 534 4357 e
551 4310 592 4357 a
611 4309 645 4356 s
714 4291 787 4374 (i.
836 4309 887 4355 e.
958 4309 1123 4372 quae
1183 4292 1336 4372 post
1402 4307 1514 4354 eas
1581 4289 1713 4353 sita
1785 4287 2006 4364 erant)
2073 4285 2340 4365 privata
2407 4281 2701 4348 aedificia

496 4431 555 4480 e.
598 4431 659 4494 q.
711 4411 815 4477 εἶ’
878 4411 988 4476 Sic
1040 4415 1111 4476 et
1156 4411 1329 4492 quod
1374 4381 1794 4476 intransitu
1844 4409 2242 4474 observatur
2289 4405 2369 4469 de
2415 4401 2706 4500 basilicis

2469 4520 2499 4568 e
