3450 5350
1823 621 1863 683 4

729 808 808 870 tu
871 821 978 870 me
1034 819 1240 882 rogeS‚
1305 803 1520 868 dicam
1582 807 1661 866 ut
1722 802 1915 884 sciaS,
1982 801 2100 866 scil
2160 801 2229 865 in
2292 799 2538 864 malam
2584 814 2757 876 rem3
2808 795 2923 860 sed

729 942 908 991 nunc
967 917 1086 1004 ego
1146 927 1216 988 te
1277 939 1448 1006 rogo,
1511 927 1590 988 ut
1647 923 1829 988 dicas
1887 925 2081 986 tuam
2130 920 2561 986 sententiam.
2610 917 2921 998 Suspicor
2970 1005 2973 1008 q

727 1051 978 1120 autem,
1020 1049 1099 1112 ut
1135 1062 1307 1127 quae
1345 1048 1771 1126 opponuntur
1808 1042 2052 1110 melius
2086 1045 2472 1125 appareant,
2500 1037 2925 1104 scribendum

729 1185 910 1234 esse:
965 1168 1061 1253 „si
1109 1184 1227 1248 ego
1272 1164 1621 1257 rogitem.'’

820 1428 920 1476 vs.
978 1412 1058 1476 15
1107 1429 1142 1476 s
1233 1457 1248 1472 .

892 1532 1045 1596 PH.
1095 1427 1271 1596 H‘fflic
1316 1547 1724 1612 proxumum
1772 1527 1929 1594 illud
1976 1529 2230 1594 ostium
2279 1525 2832 1592 occlusissimum.

909 1653 1126 1729 Salve,
1173 1651 1514 1726 valuistin,
1564 1651 1819 1716 ostium
1867 1650 2460 1716 occlusissimum?

909 1775 983 1838 ·P.
1031 1773 1349 1838 Caruitne
1394 1772 1598 1838 febris
1643 1777 1712 1838 te
1759 1772 1900 1837 heri
1945 1772 2050 1836 vel
2100 1769 2614 1851 nudiustertius

911 1897 998 1961 Et
1043 1897 1185 1962 heri
1232 1896 1703 1961 cenavistine‘?

819 2021 1003 2084 Haec
1065 2022 1229 2085 sunt
1290 2019 1495 2084 verba
1554 2017 1821 2083 tradita.
1890 2017 2111 2082 Habet
2171 2017 2403 2080 autem
2448 2014 2691 2079 Festus
2737 2013 2927 2078 Pauli

728 2160 790 2223 p.
847 2143 995 2217 179,
1045 2142 1120 2205 8:
1179 2140 1722 2227 „Oculissimumz
1778 2139 2225 2204 carissimum.
2275 2138 2591 2202 Plautus:
2640 2137 2925 2202 oculissi-

730 2281 920 2330 mum
980 2264 1230 2328 ostium
1291 2261 1612 2328 amicae.''
1676 2262 1862 2326 Idem
1907 2261 2083 2340 apud
2130 2261 2353 2341 ipsum
2398 2260 2680 2325 Festum
2725 2257 2925 2324 exsti·

727 2387 894 2451 tisse
962 2385 1322 2451 verisimile
1390 2389 1498 2450 est
1549 2402 1644 2450 -ex
1713 2373 1818 2460 iis,
1881 2400 2050 2465 quae
2112 2383 2363 2464 reliqua
2424 2385 2619 2447 sunt:
2695 2399 2921 2467 „mum

728 2508 980 2572 ostium
1063 2506 1382 2572 amicae''.
1468 2507 1651 2570 Haec
1719 2507 1881 2588 quin
1955 2477 2263 2570 nostrum
2330 2505 2549 2569 locum
2620 2505 2929 2583 spectent

728 2629 904 2695 haud
943 2628 1219 2694 dubium
1259 2628 1425 2694 mihi
1463 2629 1750 2695 videtur.
1786 2627 1973 2694 Idem
2013 2644 2297 2693 censens
2321 2625 2541 2692 Gomz
2575 2622 2621 2709 ¹)
2661 2627 2929 2706 propter

727 2750 886 2817 illud
948 2753 1198 2817 amicae
1257 2751 1536 2816 coniecit
1583 2767 1857 2816 versum
1903 2751 2317 2816 intercidisse
2363 2746 2807 2829 incipientem
2845 2748 2928 2811 ab

727 2875 997 2953 amicae,
1045 2875 1250 2953 atque
1297 2874 1393 2937 sic
1438 2873 1572 2939 sere
1618 2872 1838 2938 locum
1888 2872 2381 2937 restituendum
2429 2886 2612 2935 esse:

791 3085 798 3091 ,
907 2994 1048 3058 ΡΗ.
1098 2994 1276 3059 Huic
1324 2994 1702 3073 proximum
1749 2966 1911 3059 illud
1958 2996 2065 3057 est
2110 2992 2569 3058 oculissimum
2614 2990 2864 3054 ostium

909 3116 1204 3181 Amicae.
1252 3116 1324 3179 P.
1374 3114 1536 3181 Mihi
1582 3114 1851 3181 videtur
1894 3116 2448 3180 occlusissimum.

909 3235 1048 3301 PH.
1098 3236 1313 3319 Salve,
1364 3237 1724 3303 valuistine
1772 3254 2002 3319 usque,
2053 3235 2511 3301 oculissimum
2560 3233 2862 3297 ostium?

819 3358 1048 3439 Neque
1099 3360 1279 3425 enim
1328 3359 1544 3425 solum
1592 3376 1796 3425 versu
1851 3360 1930 3423 16
1980 3357 2257 3438 requirit
2302 3356 2778 3435 oculis-simum,
2810 3353 2924 3417 sed

727 3482 934 3546 etiam
996 3497 1193 3547 versu
1265 3483 1366 3563 15,
1429 3485 1632 3563 atque
1697 3499 1799 3545 vs.
1870 3484 1949 3545 1-6
2014 3478 2489 3560 praeeuntibus
2534 3478 2810 3541 PYLADE
2858 3480 2927 3540 et

727 3604 1011 3689 MuRnTo
1072 3603 1356 3667 inseruit
1418 3620 1646 3683 usque,
1711 3602 1882 3683 quod
1937 3616 2055 3679 ego
2102 3616 2359 3680 quoque
2406 3599 2523 3662 vix
2570 3597 2928 3662 desiderari

728 3739 923 3805 posse
961 3724 1276 3787 arbitror:
1320 3722 1379 3787 si
1419 3723 1705 3787 valuit
1745 3722 2015 3798 ostium,
2060 3737 2192 3785 non
2216 3720 2354 3784 iam
2381 3719 2560 3783 valet
2580 3716 2630 3801 2)
2654 3739 2669 3798 ;
2697 3733 2923 3796 rogan-

729 3845 893 3909 dum
927 3846 1053 3925 est,
1082 3860 1432 3925 usquene
1457 3842 1759 3925 valuerit,
1787 3847 1991 3923 atque
2016 3841 2257 3907 ceteris
2281 3840 2440 3905 locis
2465 3858 2674 3921 usque
2696 3856 2928 3905 revera
3006 3882 3014 3892 ·

728 3966 1018 4042 additur,
1066 3966 1151 4031 cf.
1198 3966 1445 4045 Amph.
1497 3966 1626 4029 679
1654 3965 1724 4047 ³),
1778 3964 1927 4037 715,
1972 3944 2215 4029 'nacon
2260 3964 2408 4045 248,
2452 3962 2573 4042 Ep.
2620 3962 2698 4027 17
2742 3962 2926 4043 oper-

728 4088 1000 4171 petue’)‚
1058 4089 1203 4163 129,
1255 4088 1448 4152 Mero.
1497 4087 1647 4168 387,
1701 4086 1896 4150 Most.
1946 4086 2097 4161 449,
2148 4086 2327 4149 Pers.
2378 4085 2483 4164 23,
2525 4083 2732 4148 Stich.
2775 4086 2926 4150 467.

802 4275 858 4343 1)
895 4273 1170 4345 Leipziger
1207 4272 1429 4327 Studien
1462 4272 1492 4327 I
1527 4292 1580 4345 p.
1619 4274 1739 4327 250.

799 4362 855 4428 2)
895 4360 972 4415 cf.
1010 4359 1198 4414 Pseud.
1239 4361 1366 4413 311:
1405 4359 1524 4415 ilico
1563 4360 1737 4414 vixit
1773 4364 1989 4427 amator,
2028 4358 2117 4413 ubi
2154 4357 2328 4411 ienoni
2364 4356 2639 4428 supplicat.

803 4449 858 4515 3)
896 4446 1016 4500 Cito
1051 4464 1255 4517 semper
1289 4446 1569 4501 editionem
1609 4448 1969 4501 LnommAM.
