<?xml version="1.0" encoding="UTF-8"?>
<!DOCTYPE html PUBLIC "-//W3C//DTD XHTML 1.0 Transitional//EN"
    "http://www.w3.org/TR/xhtml1/DTD/xhtml1-transitional.dtd">
<html xmlns="http://www.w3.org/1999/xhtml" xml:lang="en" lang="en">
 <head>
  <title>
</title>
<meta http-equiv="Content-Type" content="text/html;charset=utf-8" />
  <meta name='ocr-system' content='tesseract 3.04.00' />
  <meta name='ocr-capabilities' content='ocr_page ocr_carea ocr_par ocr_line ocrx_word'/>
</head>
<body>
  <div class='ocr_page' id='page_1' title='image "./deplauticurculi00unkngoog_0029.png"; bbox 0 0 3450 5350; ppageno 0'>
   <div class='ocr_carea' id='block_1_1' title="bbox 481 614 2769 4400">
    <p class='ocr_par' dir='ltr' id='par_1_1' title="bbox 1530 614 1606 676">
     <span class='ocr_line' id='line_1_1' title="bbox 1530 614 1606 676; baseline -0.013 0"><span class='ocrx_word' id='word_1_1' title='bbox 1530 614 1606 676; x_wconf 89' lang='lat'>17</span> 
     </span>
    </p>

    <p class='ocr_par' dir='ltr' id='par_1_2' title="bbox 481 791 2665 996">
     <span class='ocr_line' id='line_1_2' title="bbox 565 791 2665 870; baseline -0.003 -10"><span class='ocrx_word' id='word_1_2' title='bbox 565 796 711 860; x_wconf 86' lang='lat' dir='ltr'>Iam</span> <span class='ocrx_word' id='word_1_3' title='bbox 774 796 897 861; x_wconf 90' lang='lat' dir='ltr'>hac</span> <span class='ocrx_word' id='word_1_4' title='bbox 951 795 1254 860; x_wconf 89' lang='lat' dir='ltr'>molestia</span> <span class='ocrx_word' id='word_1_5' title='bbox 1299 795 1584 870; x_wconf 88' lang='lat' dir='ltr'>sublata,</span> <span class='ocrx_word' id='word_1_6' title='bbox 1633 794 1715 858; x_wconf 88' lang='lat' dir='ltr'>ad</span> <span class='ocrx_word' id='word_1_7' title='bbox 1762 794 1961 858; x_wconf 90' lang='lat' dir='ltr'>aliam</span> <span class='ocrx_word' id='word_1_8' title='bbox 2008 797 2115 858; x_wconf 90' lang='lat' dir='ltr'>est</span> <span class='ocrx_word' id='word_1_9' title='bbox 2159 791 2665 857; x_wconf 87' lang='lat' dir='ltr'>transeundum.</span> 
     </span>
     <span class='ocr_line' id='line_1_3' title="bbox 481 913 2323 996; baseline -0.001 -16"><span class='ocrx_word' id='word_1_10' title='bbox 481 915 806 996; x_wconf 80' lang='lat' dir='ltr'>Quidnam</span> <span class='ocrx_word' id='word_1_11' title='bbox 853 914 1074 980; x_wconf 90' lang='lat' dir='ltr'>lenoni</span> <span class='ocrx_word' id='word_1_12' title='bbox 1119 914 1476 980; x_wconf 88' lang='lat' dir='ltr'>Palinurus</span> <span class='ocrx_word' id='word_1_13' title='bbox 1520 915 1638 980; x_wconf 86' lang='lat' dir='ltr'>dat</span> <span class='ocrx_word' id='word_1_14' title='bbox 1684 913 1992 980; x_wconf 83' lang='lat' dir='ltr'>consilii?</span> <span class='ocrx_word' id='word_1_15' title='bbox 2040 913 2323 978; x_wconf 80' lang='lat' dir='ltr'>Suadet:</span> 
     </span>
    </p>

    <p class='ocr_par' dir='ltr' id='par_1_3' title="bbox 662 1033 2469 1479">
     <span class='ocr_line' id='line_1_4' title="bbox 1690 1033 2469 1116; baseline -0.004 -16"><span class='ocrx_word' id='word_1_16' title='bbox 1690 1035 1863 1116; x_wconf 80' lang='lat' dir='ltr'>Quin</span> <span class='ocrx_word' id='word_1_17' title='bbox 1913 1037 1991 1099; x_wconf 91' lang='lat' dir='ltr'>tu</span> <span class='ocrx_word' id='word_1_18' title='bbox 2032 1035 2283 1114; x_wconf 89' lang='lat' dir='ltr'>aliquot</span> <span class='ocrx_word' id='word_1_19' title='bbox 2330 1033 2469 1098; x_wconf 86' lang='lat' dir='ltr'>dies</span> 
     </span>
     <span class='ocr_line' id='line_1_5' title="bbox 663 1155 2237 1238; baseline 0 -18"><span class='ocrx_word' id='word_1_20' title='bbox 663 1157 968 1238; x_wconf 87' lang='lat' dir='ltr'>Perdura,</span> <span class='ocrx_word' id='word_1_21' title='bbox 1017 1158 1179 1222; x_wconf 89' lang='lat' dir='ltr'>dum</span> <span class='ocrx_word' id='word_1_22' title='bbox 1225 1157 1551 1222; x_wconf 88' lang='lat' dir='ltr'>intestina</span> <span class='ocrx_word' id='word_1_23' title='bbox 1596 1159 2046 1237; x_wconf 86' lang='lat' dir='ltr'>exputescunt</span> <span class='ocrx_word' id='word_1_24' title='bbox 2093 1155 2237 1230; x_wconf 88' lang='lat' dir='ltr'>tibi,</span> 
     </span>
     <span class='ocr_line' id='line_1_6' title="bbox 662 1275 2367 1351; baseline 0 -11"><span class='ocrx_word' id='word_1_25' title='bbox 662 1276 856 1341; x_wconf 87' lang='lat' dir='ltr'>Nunc</span> <span class='ocrx_word' id='word_1_26' title='bbox 901 1277 1062 1341; x_wconf 91' lang='lat' dir='ltr'>dum</span> <span class='ocrx_word' id='word_1_27' title='bbox 1109 1276 1367 1342; x_wconf 89' lang='lat' dir='ltr'>salsura</span> <span class='ocrx_word' id='word_1_28' title='bbox 1414 1282 1524 1342; x_wconf 83' lang='lat' dir='ltr'>sat</span> <span class='ocrx_word' id='word_1_29' title='bbox 1570 1278 1845 1342; x_wconf 90' lang='lat' dir='ltr'>bonast:</span> <span class='ocrx_word' id='word_1_30' title='bbox 1896 1277 1953 1342; x_wconf 93' lang='lat' dir='ltr'>si</span> <span class='ocrx_word' id='word_1_31' title='bbox 2002 1277 2067 1341; x_wconf 89' lang='lat' dir='ltr'>id</span> <span class='ocrx_word' id='word_1_32' title='bbox 2112 1275 2367 1351; x_wconf 79' lang='lat' dir='ltr'>feceriS,</span> 
     </span>
     <span class='ocr_line' id='line_1_7' title="bbox 663 1396 2019 1479; baseline 0.005 -18"><span class='ocrx_word' id='word_1_33' title='bbox 663 1396 908 1462; x_wconf 90' lang='lat' dir='ltr'>Venire</span> <span class='ocrx_word' id='word_1_34' title='bbox 955 1399 1202 1479; x_wconf 87' lang='lat' dir='ltr'>poteris</span> <span class='ocrx_word' id='word_1_35' title='bbox 1246 1399 1594 1477; x_wconf 68' lang='lat' dir='ltr'>intestinis</span> <span class='ocrx_word' id='word_1_36' title='bbox 1639 1399 1862 1464; x_wconf 90' lang='lat' dir='ltr'>vilius.</span> <span class='ocrx_word' id='word_1_37' title='bbox 2014 1464 2019 1468; x_wconf 82' lang='grc'>,</span> 
     </span>
    </p>

    <p class='ocr_par' dir='ltr' id='par_1_4' title="bbox 485 1505 2769 4400">
     <span class='ocr_line' id='line_1_8' title="bbox 571 1505 2674 1600; baseline -0.001 -17"><span class='ocrx_word' id='word_1_38' title='bbox 571 1520 826 1583; x_wconf 83' lang='lat' dir='ltr'>Auctor</span> <span class='ocrx_word' id='word_1_39' title='bbox 873 1505 1080 1597; x_wconf 84' lang='lat' dir='ltr'>igitur</span> <span class='ocrx_word' id='word_1_40' title='bbox 1125 1516 1347 1584; x_wconf 90' lang='lat' dir='ltr'>lenoni</span> <span class='ocrx_word' id='word_1_41' title='bbox 1385 1521 1510 1600; x_wconf 90' lang='lat' dir='ltr'>est,</span> <span class='ocrx_word' id='word_1_42' title='bbox 1553 1523 1632 1584; x_wconf 91' lang='lat' dir='ltr'>ut</span> <span class='ocrx_word' id='word_1_43' title='bbox 1671 1518 1983 1600; x_wconf 88' lang='lat' dir='ltr'>perduret</span> <span class='ocrx_word' id='word_1_44' title='bbox 2020 1518 2273 1599; x_wconf 88' lang='lat' dir='ltr'>aliquot</span> <span class='ocrx_word' id='word_1_45' title='bbox 2310 1518 2471 1598; x_wconf 80' lang='lat' dir='ltr'>dieS‚</span> <span class='ocrx_word' id='word_1_46' title='bbox 2514 1517 2674 1582; x_wconf 87' lang='lat' dir='ltr'>dum</span> 
     </span>
     <span class='ocr_line' id='line_1_9' title="bbox 485 1639 2676 1721; baseline -0 -17"><span class='ocrx_word' id='word_1_47' title='bbox 485 1639 611 1704; x_wconf 90' lang='lat' dir='ltr'>sibi</span> <span class='ocrx_word' id='word_1_48' title='bbox 672 1639 1001 1705; x_wconf 87' lang='lat' dir='ltr'>intestina</span> <span class='ocrx_word' id='word_1_49' title='bbox 1060 1644 1524 1721; x_wconf 83' lang='lat' dir='ltr'>exputescant.</span> <span class='ocrx_word' id='word_1_50' title='bbox 1588 1641 1732 1706; x_wconf 90' lang='lat' dir='ltr'>Hoc</span> <span class='ocrx_word' id='word_1_51' title='bbox 1788 1647 1895 1706; x_wconf 86' lang='lat' dir='ltr'>est</span> <span class='ocrx_word' id='word_1_52' title='bbox 1958 1641 2401 1721; x_wconf 90' lang='lat' dir='ltr'>perspicuum.</span> <span class='ocrx_word' id='word_1_53' title='bbox 2450 1639 2676 1704; x_wconf 88' lang='lat' dir='ltr'>Etiam</span> 
     </span>
     <span class='ocr_line' id='line_1_10' title="bbox 486 1760 2677 1842; baseline 0 -17"><span class='ocrx_word' id='word_1_54' title='bbox 486 1763 674 1841; x_wconf 88' lang='lat' dir='ltr'>patet</span> <span class='ocrx_word' id='word_1_55' title='bbox 735 1760 894 1841; x_wconf 89' lang='lat' dir='ltr'>quid</span> <span class='ocrx_word' id='word_1_56' title='bbox 955 1761 1064 1826; x_wconf 90' lang='lat' dir='ltr'>illa</span> <span class='ocrx_word' id='word_1_57' title='bbox 1123 1761 1576 1826; x_wconf 80' lang='lat' dir='ltr'>admonitione</span> <span class='ocrx_word' id='word_1_58' title='bbox 1637 1765 1981 1842; x_wconf 87' lang='lat' dir='ltr'>spectetur</span> <span class='ocrx_word' id='word_1_59' title='bbox 2032 1761 2375 1827; x_wconf 82' lang='lat' dir='ltr'>enunciari</span> <span class='ocrx_word' id='word_1_60' title='bbox 2420 1760 2677 1826; x_wconf 86' lang='lat' dir='ltr'>verbis:</span> 
     </span>
     <span class='ocr_line' id='line_1_11' title="bbox 497 1867 2682 1968; baseline -0 -20"><span class='ocrx_word' id='word_1_61' title='bbox 497 1883 593 1968; x_wconf 88' lang='lat' dir='ltr'>„si</span> <span class='ocrx_word' id='word_1_62' title='bbox 654 1884 718 1948; x_wconf 87' lang='lat' dir='ltr'>id</span> <span class='ocrx_word' id='word_1_63' title='bbox 782 1883 1014 1948; x_wconf 85' lang='lat' dir='ltr'>feceris</span> <span class='ocrx_word' id='word_1_64' title='bbox 1059 1900 1116 1948; x_wconf 91' lang='lat' dir='ltr'>e.</span> <span class='ocrx_word' id='word_1_65' title='bbox 1164 1902 1225 1965; x_wconf 91' lang='lat' dir='ltr'>q.</span> <span class='ocrx_word' id='word_1_66' title='bbox 1276 1884 1376 1948; x_wconf 89' lang='lat' dir='ltr'>s.”</span> <span class='ocrx_word' id='word_1_67' title='bbox 1408 1867 1591 1964; x_wconf 79' lang='lat' dir='ltr'>Quid</span> <span class='ocrx_word' id='word_1_68' title='bbox 1637 1887 1869 1950; x_wconf 87' lang='lat' dir='ltr'>autem</span> <span class='ocrx_word' id='word_1_69' title='bbox 1916 1885 2293 1964; x_wconf 88' lang='lat' dir='ltr'>significant</span> <span class='ocrx_word' id='word_1_70' title='bbox 2340 1886 2545 1950; x_wconf 87' lang='lat' dir='ltr'>verba</span> <span class='ocrx_word' id='word_1_71' title='bbox 2588 1885 2682 1948; x_wconf 90' lang='lat' dir='ltr'>in·</span> 
     </span>
     <span class='ocr_line' id='line_1_12' title="bbox 489 2007 2686 2093; baseline 0.001 -21"><span class='ocrx_word' id='word_1_72' title='bbox 489 2007 847 2088; x_wconf 88' lang='lat' dir='ltr'>terposita:</span> <span class='ocrx_word' id='word_1_73' title='bbox 895 2024 1112 2093; x_wconf 87' lang='lat' dir='ltr'>„nunc</span> <span class='ocrx_word' id='word_1_74' title='bbox 1151 2008 1311 2072; x_wconf 88' lang='lat' dir='ltr'>dum</span> <span class='ocrx_word' id='word_1_75' title='bbox 1352 2008 1610 2073; x_wconf 85' lang='lat' dir='ltr'>salsura</span> <span class='ocrx_word' id='word_1_76' title='bbox 1648 2012 1759 2073; x_wconf 87' lang='lat' dir='ltr'>sat</span> <span class='ocrx_word' id='word_1_77' title='bbox 1788 2009 2122 2075; x_wconf 77' lang='lat' dir='ltr'>bonast”?</span> <span class='ocrx_word' id='word_1_78' title='bbox 2169 2009 2397 2091; x_wconf 88' lang='lat' dir='ltr'>Neque</span> <span class='ocrx_word' id='word_1_79' title='bbox 2422 2014 2686 2074; x_wconf 85' lang='lat' dir='ltr'>veteres</span> 
     </span>
     <span class='ocr_line' id='line_1_13' title="bbox 489 2103 2769 2210; baseline 0.001 -18"><span class='ocrx_word' id='word_1_80' title='bbox 489 2146 705 2210; x_wconf 91' lang='lat' dir='ltr'>neque</span> <span class='ocrx_word' id='word_1_81' title='bbox 764 2129 1167 2195; x_wconf 80' lang='lat' dir='ltr'>recentiores</span> <span class='ocrx_word' id='word_1_82' title='bbox 1229 2130 1632 2210; x_wconf 80' lang='lat' dir='ltr'>interpretes</span> <span class='ocrx_word' id='word_1_83' title='bbox 1693 2146 1837 2194; x_wconf 89' lang='lat' dir='ltr'>rem</span> <span class='ocrx_word' id='word_1_84' title='bbox 1898 2130 2317 2210; x_wconf 84' lang='lat' dir='ltr'>expedivisse</span> <span class='ocrx_word' id='word_1_85' title='bbox 2380 2131 2545 2195; x_wconf 92' lang='lat' dir='ltr'>mihi</span> <span class='ocrx_word' id='word_1_86' title='bbox 2594 2131 2687 2194; x_wconf 84' lang='lat' dir='ltr'>vi·</span> <span class='ocrx_word' id='word_1_87' title='bbox 2762 2103 2769 2108; x_wconf 32' lang='lat'>⁵</span> 
     </span>
     <span class='ocr_line' id='line_1_14' title="bbox 491 2251 2713 2336; baseline 0 -20"><span class='ocrx_word' id='word_1_88' title='bbox 491 2252 752 2316; x_wconf 89' lang='lat' dir='ltr'>dentur.</span> <span class='ocrx_word' id='word_1_89' title='bbox 827 2251 1130 2332; x_wconf 82' lang='lat' dir='ltr'>Explicat</span> <span class='ocrx_word' id='word_1_90' title='bbox 1200 2251 1595 2318; x_wconf 74' lang='lat' dir='ltr'>GRurnnus:</span> <span class='ocrx_word' id='word_1_91' title='bbox 1674 2253 1947 2336; x_wconf 87' lang='lat' dir='ltr'>„utique</span> <span class='ocrx_word' id='word_1_92' title='bbox 2016 2270 2170 2318; x_wconf 91' lang='lat' dir='ltr'>cum</span> <span class='ocrx_word' id='word_1_93' title='bbox 2233 2253 2323 2318; x_wconf 90' lang='lat' dir='ltr'>sit</span> <span class='ocrx_word' id='word_1_94' title='bbox 2384 2269 2463 2317; x_wconf 88' lang='lat' dir='ltr'>ea</span> <span class='ocrx_word' id='word_1_95' title='bbox 2524 2253 2713 2317; x_wconf 87' lang='lat' dir='ltr'>anni</span> 
     </span>
     <span class='ocr_line' id='line_1_15' title="bbox 493 2372 2684 2456; baseline -0 -18"><span class='ocrx_word' id='word_1_96' title='bbox 493 2377 880 2454; x_wconf 77' lang='lat' dir='ltr'>tempestas,</span> <span class='ocrx_word' id='word_1_97' title='bbox 943 2392 1074 2456; x_wconf 90' lang='lat' dir='ltr'>qua</span> <span class='ocrx_word' id='word_1_98' title='bbox 1137 2373 1395 2439; x_wconf 89' lang='lat' dir='ltr'>salsura</span> <span class='ocrx_word' id='word_1_99' title='bbox 1462 2375 1656 2440; x_wconf 90' lang='lat' dir='ltr'>solito</span> <span class='ocrx_word' id='word_1_100' title='bbox 1717 2375 1937 2439; x_wconf 89' lang='lat' dir='ltr'>carius</span> <span class='ocrx_word' id='word_1_101' title='bbox 1983 2374 2293 2439; x_wconf 84' lang='lat' dir='ltr'>veneat”.</span> <span class='ocrx_word' id='word_1_102' title='bbox 2364 2372 2684 2452; x_wconf 84' lang='lat' dir='ltr'>Intelligit</span> 
     </span>
     <span class='ocr_line' id='line_1_16' title="bbox 493 2495 2684 2578; baseline 0 -18"><span class='ocrx_word' id='word_1_103' title='bbox 493 2495 698 2574; x_wconf 86' lang='lat' dir='ltr'>igitur</span> <span class='ocrx_word' id='word_1_104' title='bbox 735 2495 1064 2560; x_wconf 87' lang='lat' dir='ltr'>salsuram</span> <span class='ocrx_word' id='word_1_105' title='bbox 1097 2498 1396 2576; x_wconf 78' lang='lat' dir='ltr'>pretium</span> <span class='ocrx_word' id='word_1_106' title='bbox 1436 2498 1744 2562; x_wconf 72' lang='lat' dir='ltr'>salsurae</span> <span class='ocrx_word' id='word_1_107' title='bbox 1783 2496 1891 2562; x_wconf 88' lang='lat' dir='ltr'>vel</span> <span class='ocrx_word' id='word_1_108' title='bbox 1929 2498 2177 2562; x_wconf 88' lang='lat' dir='ltr'>bonum</span> <span class='ocrx_word' id='word_1_109' title='bbox 2216 2515 2470 2578; x_wconf 74' lang='lat' dir='ltr'>carum,</span> <span class='ocrx_word' id='word_1_110' title='bbox 2513 2497 2684 2578; x_wconf 89' lang='lat' dir='ltr'>quod</span> 
     </span>
     <span class='ocr_line' id='line_1_17' title="bbox 495 2617 2683 2701; baseline 0 -22"><span class='ocrx_word' id='word_1_111' title='bbox 495 2632 732 2681; x_wconf 88' lang='lat' dir='ltr'>verum</span> <span class='ocrx_word' id='word_1_112' title='bbox 802 2633 950 2682; x_wconf 92' lang='lat' dir='ltr'>esse</span> <span class='ocrx_word' id='word_1_113' title='bbox 1018 2617 1193 2683; x_wconf 86' lang='lat' dir='ltr'>haud</span> <span class='ocrx_word' id='word_1_114' title='bbox 1262 2618 1448 2684; x_wconf 88' lang='lat' dir='ltr'>facile</span> <span class='ocrx_word' id='word_1_115' title='bbox 1516 2620 1873 2701; x_wconf 89' lang='lat' dir='ltr'>quisquam</span> <span class='ocrx_word' id='word_1_116' title='bbox 1940 2621 2183 2687; x_wconf 88' lang='lat' dir='ltr'>credet.</span> <span class='ocrx_word' id='word_1_117' title='bbox 2254 2620 2683 2687; x_wconf 67' lang='lat' dir='ltr'>GRonovms:</span> 
     </span>
     <span class='ocr_line' id='line_1_18' title="bbox 501 2740 2681 2825; baseline 0.001 -21"><span class='ocrx_word' id='word_1_118' title='bbox 501 2757 694 2825; x_wconf 91' lang='lat' dir='ltr'>„cum</span> <span class='ocrx_word' id='word_1_119' title='bbox 757 2740 1060 2805; x_wconf 86' lang='lat' dir='ltr'>Turnebo</span> <span class='ocrx_word' id='word_1_120' title='bbox 1122 2757 1354 2805; x_wconf 90' lang='lat' dir='ltr'>censeo</span> <span class='ocrx_word' id='word_1_121' title='bbox 1417 2743 1504 2806; x_wconf 82' lang='lat' dir='ltr'>ad‘</span> <span class='ocrx_word' id='word_1_122' title='bbox 1561 2760 1796 2820; x_wconf 82' lang='lat' dir='ltr'>garum</span> <span class='ocrx_word' id='word_1_123' title='bbox 1857 2760 1943 2807; x_wconf 80' lang='lat' dir='ltr'>ex</span> <span class='ocrx_word' id='word_1_124' title='bbox 2005 2742 2351 2807; x_wconf 89' lang='lat' dir='ltr'>intestinis</span> <span class='ocrx_word' id='word_1_125' title='bbox 2402 2742 2681 2823; x_wconf 86' lang='lat' dir='ltr'>piscium</span> 
     </span>
     <span class='ocr_line' id='line_1_19' title="bbox 495 2861 2683 2944; baseline 0.001 -20"><span class='ocrx_word' id='word_1_126' title='bbox 495 2861 781 2941; x_wconf 89' lang='lat' dir='ltr'>putridis</span> <span class='ocrx_word' id='word_1_127' title='bbox 840 2864 1207 2942; x_wconf 89' lang='lat' dir='ltr'>pretiosum</span> <span class='ocrx_word' id='word_1_128' title='bbox 1267 2862 1605 2944; x_wconf 83' lang='lat' dir='ltr'>liquamen</span> <span class='ocrx_word' id='word_1_129' title='bbox 1667 2866 1923 2944; x_wconf 88' lang='lat' dir='ltr'>respici.</span> <span class='ocrx_word' id='word_1_130' title='bbox 1974 2864 2169 2929; x_wconf 90' lang='lat' dir='ltr'>Nunc</span> <span class='ocrx_word' id='word_1_131' title='bbox 2214 2865 2393 2944; x_wconf 88' lang='lat' dir='ltr'>dum,</span> <span class='ocrx_word' id='word_1_132' title='bbox 2444 2866 2683 2944; x_wconf 88' lang='lat' dir='ltr'>inquit,</span> 
     </span>
     <span class='ocr_line' id='line_1_20' title="bbox 494 2981 2688 3065; baseline 0.001 -20"><span class='ocrx_word' id='word_1_133' title='bbox 494 2981 758 3047; x_wconf 87' lang='lat' dir='ltr'>salsura·</span> <span class='ocrx_word' id='word_1_134' title='bbox 810 2982 915 3045; x_wconf 87' lang='lat' dir='ltr'>vel</span> <span class='ocrx_word' id='word_1_135' title='bbox 963 2985 1212 3048; x_wconf 88' lang='lat' dir='ltr'>muries</span> <span class='ocrx_word' id='word_1_136' title='bbox 1257 2985 1733 3049; x_wconf 87' lang='lat' dir='ltr'>intestinorum</span> <span class='ocrx_word' id='word_1_137' title='bbox 1782 2990 2071 3065; x_wconf 89' lang='lat' dir='ltr'>tuorum,</span> <span class='ocrx_word' id='word_1_138' title='bbox 2122 3001 2289 3065; x_wconf 91' lang='lat' dir='ltr'>quae</span> <span class='ocrx_word' id='word_1_139' title='bbox 2334 2988 2688 3049; x_wconf 88' lang='lat' dir='ltr'>conservat</span> 
     </span>
     <span class='ocr_line' id='line_1_21' title="bbox 494 3102 2685 3188; baseline 0.002 -23"><span class='ocrx_word' id='word_1_140' title='bbox 494 3102 819 3167; x_wconf 89' lang='lat' dir='ltr'>intestina</span> <span class='ocrx_word' id='word_1_141' title='bbox 880 3107 1019 3185; x_wconf 85' lang='lat' dir='ltr'>tua,</span> <span class='ocrx_word' id='word_1_142' title='bbox 1085 3108 1194 3169; x_wconf 90' lang='lat' dir='ltr'>sat</span> <span class='ocrx_word' id='word_1_143' title='bbox 1255 3106 1425 3171; x_wconf 84' lang='lat' dir='ltr'>bona</span> <span class='ocrx_word' id='word_1_144' title='bbox 1485 3110 1611 3186; x_wconf 91' lang='lat' dir='ltr'>est,</span> <span class='ocrx_word' id='word_1_145' title='bbox 1675 3107 1937 3185; x_wconf 86' lang='lat' dir='ltr'>integra</span> <span class='ocrx_word' id='word_1_146' title='bbox 1996 3109 2119 3188; x_wconf 88' lang='lat' dir='ltr'>est,</span> <span class='ocrx_word' id='word_1_147' title='bbox 2169 3106 2327 3170; x_wconf 85' lang='lat' dir='ltr'>facit</span> <span class='ocrx_word' id='word_1_148' title='bbox 2374 3106 2685 3187; x_wconf 87' lang='lat' dir='ltr'>officium,</span> 
     </span>
     <span class='ocr_line' id='line_1_22' title="bbox 496 3225 2690 3309; baseline 0.002 -22"><span class='ocrx_word' id='word_1_149' title='bbox 496 3226 574 3288; x_wconf 91' lang='lat' dir='ltr'>ut</span> <span class='ocrx_word' id='word_1_150' title='bbox 643 3225 936 3289; x_wconf 89' lang='lat' dir='ltr'>nondum</span> <span class='ocrx_word' id='word_1_151' title='bbox 1005 3226 1230 3291; x_wconf 89' lang='lat' dir='ltr'>omnia</span> <span class='ocrx_word' id='word_1_152' title='bbox 1295 3231 1414 3291; x_wconf 91' lang='lat' dir='ltr'>tua</span> <span class='ocrx_word' id='word_1_153' title='bbox 1472 3228 1796 3293; x_wconf 82' lang='lat' dir='ltr'>intestina</span> <span class='ocrx_word' id='word_1_154' title='bbox 1858 3229 2407 3309; x_wconf 88' lang='lat' dir='ltr'>computruerint.</span> <span class='ocrx_word' id='word_1_155' title='bbox 2470 3227 2556 3291; x_wconf 86' lang='lat' dir='ltr'>Et</span> <span class='ocrx_word' id='word_1_156' title='bbox 2610 3227 2690 3291; x_wconf 89' lang='lat' dir='ltr'>de</span> 
     </span>
     <span class='ocr_line' id='line_1_23' title="bbox 496 3346 2689 3432; baseline 0.002 -23"><span class='ocrx_word' id='word_1_157' title='bbox 496 3346 659 3425; x_wconf 78' lang='lat' dir='ltr'>vit-a,</span> <span class='ocrx_word' id='word_1_158' title='bbox 724 3347 933 3426; x_wconf 89' lang='lat' dir='ltr'>deque</span> <span class='ocrx_word' id='word_1_159' title='bbox 980 3364 1078 3422; x_wconf 90' lang='lat' dir='ltr'>eo,</span> <span class='ocrx_word' id='word_1_160' title='bbox 1126 3348 1295 3427; x_wconf 90' lang='lat' dir='ltr'>quod</span> <span class='ocrx_word' id='word_1_161' title='bbox 1346 3349 1494 3413; x_wconf 92' lang='lat' dir='ltr'>sani</span> <span class='ocrx_word' id='word_1_162' title='bbox 1540 3353 1774 3429; x_wconf 89' lang='lat' dir='ltr'>restat,</span> <span class='ocrx_word' id='word_1_163' title='bbox 1823 3350 2133 3432; x_wconf 83' lang='lat' dir='ltr'>loquitur,</span> <span class='ocrx_word' id='word_1_164' title='bbox 2184 3354 2263 3414; x_wconf 87' lang='lat' dir='ltr'>ut</span> <span class='ocrx_word' id='word_1_165' title='bbox 2311 3350 2391 3414; x_wconf 90' lang='lat' dir='ltr'>de</span> <span class='ocrx_word' id='word_1_166' title='bbox 2436 3350 2689 3413; x_wconf 88' lang='lat' dir='ltr'>muria:</span> 
     </span>
     <span class='ocr_line' id='line_1_24' title="bbox 497 3455 2691 3551; baseline 0.002 -21"><span class='ocrx_word' id='word_1_167' title='bbox 497 3468 578 3531; x_wconf 89' lang='lat' dir='ltr'>de</span> <span class='ocrx_word' id='word_1_168' title='bbox 624 3468 806 3549; x_wconf 80' lang='lat' dir='ltr'>ipsiS,</span> <span class='ocrx_word' id='word_1_169' title='bbox 856 3471 935 3532; x_wconf 88' lang='lat' dir='ltr'>ut</span> <span class='ocrx_word' id='word_1_170' title='bbox 982 3469 1062 3533; x_wconf 90' lang='lat' dir='ltr'>de</span> <span class='ocrx_word' id='word_1_171' title='bbox 1120 3470 1494 3535; x_wconf 89' lang='lat' dir='ltr'>muriaticis</span> <span class='ocrx_word' id='word_1_172' title='bbox 1539 3470 2048 3551; x_wconf 86' lang='lat' dir='ltr'>loquebantur.’&#39;</span> <span class='ocrx_word' id='word_1_173' title='bbox 2100 3455 2369 3551; x_wconf 73' lang='lat' dir='ltr'>Ussme‚</span> <span class='ocrx_word' id='word_1_174' title='bbox 2421 3474 2499 3535; x_wconf 91' lang='lat' dir='ltr'>ut</span> <span class='ocrx_word' id='word_1_175' title='bbox 2554 3472 2691 3535; x_wconf 91' lang='lat' dir='ltr'>iam</span> 
     </span>
     <span class='ocr_line' id='line_1_25' title="bbox 500 3588 2692 3672; baseline 0.001 -20"><span class='ocrx_word' id='word_1_176' title='bbox 500 3588 767 3653; x_wconf 83' lang='lat' dir='ltr'>veniam</span> <span class='ocrx_word' id='word_1_177' title='bbox 827 3589 909 3653; x_wconf 88' lang='lat' dir='ltr'>ad</span> <span class='ocrx_word' id='word_1_178' title='bbox 970 3590 1414 3654; x_wconf 87' lang='lat' dir='ltr'>recentiorum</span> <span class='ocrx_word' id='word_1_179' title='bbox 1474 3592 1839 3672; x_wconf 81' lang='lat' dir='ltr'>opinioneS,</span> <span class='ocrx_word' id='word_1_180' title='bbox 1888 3595 2065 3656; x_wconf 88' lang='lat' dir='ltr'>recte</span> <span class='ocrx_word' id='word_1_181' title='bbox 2112 3593 2423 3656; x_wconf 88' lang='lat' dir='ltr'>observat</span> <span class='ocrx_word' id='word_1_182' title='bbox 2468 3592 2692 3666; x_wconf 87' lang='lat' dir='ltr'>verba,</span> 
     </span>
     <span class='ocr_line' id='line_1_26' title="bbox 500 3702 2688 3795; baseline -0 -21"><span class='ocrx_word' id='word_1_183' title='bbox 500 3710 578 3774; x_wconf 87' lang='lat' dir='ltr'>de</span> <span class='ocrx_word' id='word_1_184' title='bbox 625 3710 866 3791; x_wconf 89' lang='lat' dir='ltr'>quibus</span> <span class='ocrx_word' id='word_1_185' title='bbox 911 3710 1196 3789; x_wconf 64' lang='grc'>38111133,</span> <span class='ocrx_word' id='word_1_186' title='bbox 1227 3712 1659 3791; x_wconf 88' lang='lat' dir='ltr'>parenthesin</span> <span class='ocrx_word' id='word_1_187' title='bbox 1700 3730 1849 3795; x_wconf 85' lang='lat' dir='ltr'>esse</span> <span class='ocrx_word' id='word_1_188' title='bbox 1895 3728 2171 3777; x_wconf 89' lang='lat' dir='ltr'>causam</span> <span class='ocrx_word' id='word_1_189' title='bbox 2210 3702 2688 3790; x_wconf 86' lang='lat' dir='ltr'>continentem,</span> 
     </span>
     <span class='ocr_line' id='line_1_27' title="bbox 501 3832 2696 3914; baseline -0 -18"><span class='ocrx_word' id='word_1_190' title='bbox 501 3849 618 3896; x_wconf 91' lang='lat' dir='ltr'>cur</span> <span class='ocrx_word' id='word_1_191' title='bbox 681 3833 1208 3911; x_wconf 83' lang='lat' dir='ltr'>exspectandum</span> <span class='ocrx_word' id='word_1_192' title='bbox 1256 3833 1347 3897; x_wconf 91' lang='lat' dir='ltr'>sit</span> <span class='ocrx_word' id='word_1_193' title='bbox 1359 3854 1382 3913; x_wconf 75' lang='lat'><em>3</em></span> <span class='ocrx_word' id='word_1_194' title='bbox 1431 3850 1839 3914; x_wconf 87' lang='lat' dir='ltr'>quamquam</span> <span class='ocrx_word' id='word_1_195' title='bbox 1885 3834 2031 3899; x_wconf 86' lang='lat' dir='ltr'>eius</span> <span class='ocrx_word' id='word_1_196' title='bbox 2075 3832 2696 3912; x_wconf 85' lang='lat' dir='ltr'>interpretationem</span> 
     </span>
     <span class='ocr_line' id='line_1_28' title="bbox 499 3952 2696 4039; baseline -0.001 -22"><span class='ocrx_word' id='word_1_197' title='bbox 499 3954 773 4033; x_wconf 88' lang='lat' dir='ltr'>probare</span> <span class='ocrx_word' id='word_1_198' title='bbox 835 3969 1124 4033; x_wconf 88' lang='lat' dir='ltr'>nequeo:</span> <span class='ocrx_word' id='word_1_199' title='bbox 1194 3952 1528 4037; x_wconf 89' lang='lat' dir='ltr'>„scilicet”</span> <span class='ocrx_word' id='word_1_200' title='bbox 1592 3954 1692 4019; x_wconf 89' lang='lat' dir='ltr'>ait</span> <span class='ocrx_word' id='word_1_201' title='bbox 1762 3955 2098 4039; x_wconf 88' lang='lat' dir='ltr'>„nondum</span> <span class='ocrx_word' id='word_1_202' title='bbox 2162 3954 2555 4035; x_wconf 82' lang='lat' dir='ltr'>exputuisse</span> <span class='ocrx_word' id='word_1_203' title='bbox 2604 3954 2696 4015; x_wconf 91' lang='lat' dir='ltr'>in-</span> 
     </span>
     <span class='ocr_line' id='line_1_29' title="bbox 501 4073 2700 4155; baseline -0.001 -17"><span class='ocrx_word' id='word_1_204' title='bbox 501 4074 772 4155; x_wconf 89' lang='lat' dir='ltr'>testina,</span> <span class='ocrx_word' id='word_1_205' title='bbox 827 4074 984 4153; x_wconf 86' lang='lat' dir='ltr'>quia</span> <span class='ocrx_word' id='word_1_206' title='bbox 1029 4074 1323 4149; x_wconf 74' lang='lat' dir='ltr'>salsura,</span> <span class='ocrx_word' id='word_1_207' title='bbox 1374 4092 1458 4139; x_wconf 92' lang='lat' dir='ltr'>ne</span> <span class='ocrx_word' id='word_1_208' title='bbox 1505 4076 1973 4150; x_wconf 88' lang='lat' dir='ltr'>absumantur,</span> <span class='ocrx_word' id='word_1_209' title='bbox 2022 4074 2453 4155; x_wconf 85' lang='lat' dir='ltr'>prohibitura,</span> <span class='ocrx_word' id='word_1_210' title='bbox 2496 4073 2700 4136; x_wconf 86' lang='lat' dir='ltr'>etiam</span> 
     </span>
     <span class='ocr_line' id='line_1_30' title="bbox 503 4194 2697 4277; baseline -0.002 -18"><span class='ocrx_word' id='word_1_211' title='bbox 503 4213 678 4260; x_wconf 92' lang='lat' dir='ltr'>nunc</span> <span class='ocrx_word' id='word_1_212' title='bbox 724 4194 892 4259; x_wconf 91' lang='lat' dir='ltr'>satis</span> <span class='ocrx_word' id='word_1_213' title='bbox 942 4196 1112 4259; x_wconf 90' lang='lat' dir='ltr'>bona</span> <span class='ocrx_word' id='word_1_214' title='bbox 1158 4195 1268 4259; x_wconf 90' lang='lat' dir='ltr'>sit.</span> <span class='ocrx_word' id='word_1_215' title='bbox 1319 4194 1443 4259; x_wconf 80' lang='lat' dir='ltr'>Sed</span> <span class='ocrx_word' id='word_1_216' title='bbox 1487 4214 1670 4261; x_wconf 76' lang='lat' dir='ltr'>nunc</span> <span class='ocrx_word' id='word_1_217' title='bbox 1707 4196 1896 4277; x_wconf 84' lang='lat' dir='ltr'>dum,</span> <span class='ocrx_word' id='word_1_218' title='bbox 1926 4196 2095 4275; x_wconf 89' lang='lat' dir='ltr'>quod</span> <span class='ocrx_word' id='word_1_219' title='bbox 2138 4195 2317 4259; x_wconf 89' lang='lat' dir='ltr'>codd.</span> <span class='ocrx_word' id='word_1_220' title='bbox 2362 4194 2697 4273; x_wconf 86' lang='lat' dir='ltr'>praebent,</span> 
     </span>
     <span class='ocr_line' id='line_1_31' title="bbox 504 4311 2703 4400; baseline -0.003 -20"><span class='ocrx_word' id='word_1_221' title='bbox 504 4317 892 4380; x_wconf 89' lang='lat' dir='ltr'>etiamnunc</span> <span class='ocrx_word' id='word_1_222' title='bbox 939 4315 1310 4393; x_wconf 85' lang='lat' dir='ltr'>significare</span> <span class='ocrx_word' id='word_1_223' title='bbox 1356 4333 1487 4381; x_wconf 91' lang='lat' dir='ltr'>non</span> <span class='ocrx_word' id='word_1_224' title='bbox 1538 4320 1803 4396; x_wconf 89' lang='lat' dir='ltr'>potest;</span> <span class='ocrx_word' id='word_1_225' title='bbox 1850 4316 1910 4381; x_wconf 91' lang='lat' dir='ltr'>si</span> <span class='ocrx_word' id='word_1_226' title='bbox 1947 4320 2177 4381; x_wconf 89' lang='lat' dir='ltr'>autem</span> <span class='ocrx_word' id='word_1_227' title='bbox 2223 4332 2461 4400; x_wconf 88' lang='lat' dir='ltr'>„nunc‚</span> <span class='ocrx_word' id='word_1_228' title='bbox 2500 4311 2703 4376; x_wconf 89' lang='lat' dir='ltr'>dum’&#39;</span> 
     </span>
    </p>
   </div>
   <div class='ocr_carea' id='block_1_2' title="bbox 509 4437 2713 4601">
    <p class='ocr_par' dir='ltr' id='par_1_5' title="bbox 509 4437 2713 4601">
     <span class='ocr_line' id='line_1_32' title="bbox 509 4437 2713 4523; baseline -0.002 -22"><span class='ocrx_word' id='word_1_229' title='bbox 509 4438 866 4512; x_wconf 87' lang='lat' dir='ltr'>scribatur,</span> <span class='ocrx_word' id='word_1_230' title='bbox 926 4440 1046 4501; x_wconf 87' lang='lat' dir='ltr'>aut</span> <span class='ocrx_word' id='word_1_231' title='bbox 1094 4454 1248 4502; x_wconf 89' lang='lat' dir='ltr'>cum</span> <span class='ocrx_word' id='word_1_232' title='bbox 1301 4437 1597 4503; x_wconf 86' lang='lat' dir='ltr'>Acidalio</span> <span class='ocrx_word' id='word_1_233' title='bbox 1641 4438 1921 4519; x_wconf 89' lang='lat' dir='ltr'>aliisque</span> <span class='ocrx_word' id='word_1_234' title='bbox 1976 4438 2377 4523; x_wconf 77' lang='lat' dir='ltr'>‚‚nondum&#39;’‚</span> <span class='ocrx_word' id='word_1_235' title='bbox 2424 4454 2463 4500; x_wconf 88' lang='lat' dir='ltr'>a</span> <span class='ocrx_word' id='word_1_236' title='bbox 2510 4451 2713 4499; x_wconf 88' lang='lat' dir='ltr'>sensu</span> 
     </span>
     <span class='ocr_line' id='line_1_33' title="bbox 2484 4553 2514 4601; baseline 0 0"><span class='ocrx_word' id='word_1_237' title='bbox 2484 4553 2514 4601; x_wconf 80' lang='lat'>2</span> 
     </span>
    </p>
   </div>
  </div>
 </body>
</html>
