<?xml version="1.0" encoding="UTF-8"?>
<!DOCTYPE html PUBLIC "-//W3C//DTD XHTML 1.0 Transitional//EN"
    "http://www.w3.org/TR/xhtml1/DTD/xhtml1-transitional.dtd">
<html xmlns="http://www.w3.org/1999/xhtml" xml:lang="en" lang="en">
 <head>
  <title>
</title>
<meta http-equiv="Content-Type" content="text/html;charset=utf-8" />
  <meta name='ocr-system' content='tesseract 3.04.00' />
  <meta name='ocr-capabilities' content='ocr_page ocr_carea ocr_par ocr_line ocrx_word'/>
</head>
<body>
  <div class='ocr_page' id='page_1' title='image "./deplauticurculi00unkngoog_0062.png"; bbox 0 0 3450 5350; ppageno 0'>
   <div class='ocr_carea' id='block_1_1' title="bbox 1789 591 1875 655">
    <p class='ocr_par' dir='ltr' id='par_1_1' title="bbox 1789 591 1875 655">
     <span class='ocr_line' id='line_1_1' title="bbox 1789 591 1875 655; baseline 0 0"><span class='ocrx_word' id='word_1_1' title='bbox 1789 591 1875 655; x_wconf 83' lang='lat'>50</span> 
     </span>
    </p>
   </div>
   <div class='ocr_carea' id='block_1_2' title="bbox 729 771 3040 4497">
    <p class='ocr_par' dir='ltr' id='par_1_2' title="bbox 818 771 1432 854">
     <span class='ocr_line' id='line_1_2' title="bbox 818 771 1432 854; baseline 0 -18"><span class='ocrx_word' id='word_1_2' title='bbox 818 771 1018 838; x_wconf 89' lang='lat' dir='ltr'>Poen.</span> <span class='ocrx_word' id='word_1_3' title='bbox 1069 773 1196 837; x_wconf 82' lang='lat'>397</span> <span class='ocrx_word' id='word_1_4' title='bbox 1248 789 1432 854; x_wconf 86' lang='lat' dir='ltr'>sqq.:</span> 
     </span>
    </p>

    <p class='ocr_par' dir='ltr' id='par_1_3' title="bbox 729 894 2929 1218">
     <span class='ocr_line' id='line_1_3' title="bbox 819 894 2929 972; baseline 0.001 -14"><span class='ocrx_word' id='word_1_5' title='bbox 819 894 1134 959; x_wconf 86' lang='lat' dir='ltr'>Obsecrat</span> <span class='ocrx_word' id='word_1_6' title='bbox 1198 910 1438 960; x_wconf 88' lang='lat' dir='ltr'>servus</span> <span class='ocrx_word' id='word_1_7' title='bbox 1499 895 1941 972; x_wconf 77' lang='lat' dir='ltr'>meretricem,</span> <span class='ocrx_word' id='word_1_8' title='bbox 2002 911 2088 960; x_wconf 90' lang='lat' dir='ltr'>ne</span> <span class='ocrx_word' id='word_1_9' title='bbox 2148 895 2321 962; x_wconf 88' lang='lat' dir='ltr'>irata</span> <span class='ocrx_word' id='word_1_10' title='bbox 2381 895 2475 962; x_wconf 88' lang='lat' dir='ltr'>sit</span> <span class='ocrx_word' id='word_1_11' title='bbox 2518 911 2630 962; x_wconf 89' lang='lat' dir='ltr'>ero</span> <span class='ocrx_word' id='word_1_12' title='bbox 2678 899 2819 972; x_wconf 86' lang='lat' dir='ltr'>aut,</span> <span class='ocrx_word' id='word_1_13' title='bbox 2868 895 2929 960; x_wconf 90' lang='lat' dir='ltr'>si</span> 
     </span>
     <span class='ocr_line' id='line_1_4' title="bbox 729 1013 2924 1098; baseline 0.001 -20"><span class='ocrx_word' id='word_1_14' title='bbox 729 1013 794 1079; x_wconf 90' lang='lat' dir='ltr'>id</span> <span class='ocrx_word' id='word_1_15' title='bbox 838 1014 980 1080; x_wconf 88' lang='lat' dir='ltr'>fieri</span> <span class='ocrx_word' id='word_1_16' title='bbox 1029 1031 1161 1081; x_wconf 90' lang='lat' dir='ltr'>non</span> <span class='ocrx_word' id='word_1_17' title='bbox 1210 1015 1444 1095; x_wconf 84' lang='lat' dir='ltr'>possit,</span> <span class='ocrx_word' id='word_1_18' title='bbox 1493 1018 1573 1081; x_wconf 91' lang='lat' dir='ltr'>ut</span> <span class='ocrx_word' id='word_1_19' title='bbox 1618 1032 1690 1082; x_wconf 90' lang='lat' dir='ltr'>se</span> <span class='ocrx_word' id='word_1_20' title='bbox 1738 1016 2108 1098; x_wconf 86' lang='lat' dir='ltr'>suspendat</span> <span class='ocrx_word' id='word_1_21' title='bbox 2154 1033 2311 1081; x_wconf 90' lang='grc'>011111</span> <span class='ocrx_word' id='word_1_22' title='bbox 2358 1032 2479 1082; x_wconf 90' lang='lat' dir='ltr'>suo</span> <span class='ocrx_word' id='word_1_23' title='bbox 2516 1031 2629 1082; x_wconf 89' lang='lat' dir='ltr'>ero</span> <span class='ocrx_word' id='word_1_24' title='bbox 2687 1015 2924 1081; x_wconf 90' lang='lat' dir='ltr'>lenone</span> 
     </span>
     <span class='ocr_line' id='line_1_5' title="bbox 730 1137 1545 1218; baseline 0 -17"><span class='ocrx_word' id='word_1_25' title='bbox 730 1139 1008 1218; x_wconf 87' lang='lat' dir='ltr'>totaque</span> <span class='ocrx_word' id='word_1_26' title='bbox 1053 1153 1208 1202; x_wconf 91' lang='lat' dir='ltr'>cum</span> <span class='ocrx_word' id='word_1_27' title='bbox 1256 1137 1545 1204; x_wconf 86' lang='lat' dir='ltr'>familia:</span> 
     </span>
    </p>

    <p class='ocr_par' dir='ltr' id='par_1_4' title="bbox 912 1235 2928 1465">
     <span class='ocr_line' id='line_1_6' title="bbox 912 1235 2928 1341; baseline -0.001 -16"><span class='ocrx_word' id='word_1_28' title='bbox 912 1258 1087 1325; x_wconf 85' lang='lat' dir='ltr'>Nam</span> <span class='ocrx_word' id='word_1_29' title='bbox 1149 1261 1295 1340; x_wconf 76' lang='lat' dir='ltr'>(ait)</span> <span class='ocrx_word' id='word_1_30' title='bbox 1345 1237 1520 1326; x_wconf 41' lang='lat' dir='ltr'>&#39;mihi</span> <span class='ocrx_word' id='word_1_31' title='bbox 1582 1261 1719 1326; x_wconf 89' lang='lat' dir='ltr'>iam</span> <span class='ocrx_word' id='word_1_32' title='bbox 1782 1235 1977 1324; x_wconf 91' lang='lat' dir='ltr'>video</span> <span class='ocrx_word' id='word_1_33' title='bbox 2036 1263 2305 1341; x_wconf 88' lang='lat' dir='ltr'>propter</span> <span class='ocrx_word' id='word_1_34' title='bbox 2358 1263 2427 1324; x_wconf 91' lang='lat' dir='ltr'>te</span> <span class='ocrx_word' id='word_1_35' title='bbox 2472 1260 2928 1326; x_wconf 85' lang='lat' dir='ltr'>victitandum</span> 
     </span>
     <span class='ocr_line' id='line_1_7' title="bbox 1331 1379 2840 1465; baseline 0 -19"><span class='ocrx_word' id='word_1_36' title='bbox 1331 1441 1338 1446; x_wconf 83' lang='lat'><em>.</em></span> <span class='ocrx_word' id='word_1_37' title='bbox 2552 1379 2840 1465; x_wconf 88' lang='lat' dir='ltr'>[sorbilo,</span> 
     </span>
    </p>

    <p class='ocr_par' dir='ltr' id='par_1_5' title="bbox 911 1499 2931 1583">
     <span class='ocr_line' id='line_1_8' title="bbox 911 1499 2931 1583; baseline -0.001 -17"><span class='ocrx_word' id='word_1_38' title='bbox 911 1502 1146 1582; x_wconf 84' lang='lat' dir='ltr'>Itaque</span> <span class='ocrx_word' id='word_1_39' title='bbox 1191 1503 1326 1567; x_wconf 90' lang='lat' dir='ltr'>iam</span> <span class='ocrx_word' id='word_1_40' title='bbox 1367 1502 1559 1583; x_wconf 89' lang='lat' dir='ltr'>quasi</span> <span class='ocrx_word' id='word_1_41' title='bbox 1597 1504 1971 1568; x_wconf 88' lang='lat' dir='ltr'>ostreatum</span> <span class='ocrx_word' id='word_1_42' title='bbox 2010 1504 2280 1582; x_wconf 87' lang='lat' dir='ltr'>tergum</span> <span class='ocrx_word' id='word_1_43' title='bbox 2315 1501 2647 1566; x_wconf 77' lang='lat' dir='ltr'>ulceribus</span> <span class='ocrx_word' id='word_1_44' title='bbox 2683 1499 2931 1580; x_wconf 85' lang='lat' dir='ltr'>gestito</span> 
     </span>
    </p>

    <p class='ocr_par' dir='ltr' id='par_1_6' title="bbox 919 1623 2945 1705">
     <span class='ocr_line' id='line_1_9' title="bbox 919 1623 2945 1705; baseline 0.003 -18"><span class='ocrx_word' id='word_1_45' title='bbox 919 1623 1199 1705; x_wconf 75' lang='lat' dir='ltr'>Propter</span> <span class='ocrx_word' id='word_1_46' title='bbox 1245 1640 1542 1689; x_wconf 89' lang='lat' dir='ltr'>amorem</span> <span class='ocrx_word' id='word_1_47' title='bbox 1589 1626 1922 1690; x_wconf 83' lang='lat' dir='ltr'>vestrum.</span> <span class='ocrx_word' id='word_1_48' title='bbox 2942 1691 2945 1694; x_wconf 78' lang='grc'>,</span> 
     </span>
    </p>

    <p class='ocr_par' dir='ltr' id='par_1_7' title="bbox 732 1730 2933 2189">
     <span class='ocr_line' id='line_1_10' title="bbox 823 1730 2933 1826; baseline -0 -18"><span class='ocrx_word' id='word_1_49' title='bbox 823 1743 995 1809; x_wconf 90' lang='lat' dir='ltr'>Fieri</span> <span class='ocrx_word' id='word_1_50' title='bbox 1057 1761 1190 1809; x_wconf 91' lang='lat' dir='ltr'>non</span> <span class='ocrx_word' id='word_1_51' title='bbox 1252 1747 1477 1826; x_wconf 87' lang='lat' dir='ltr'>potest</span> <span class='ocrx_word' id='word_1_52' title='bbox 1537 1747 1618 1810; x_wconf 91' lang='lat' dir='ltr'>ut</span> <span class='ocrx_word' id='word_1_53' title='bbox 1679 1762 1779 1810; x_wconf 87' lang='lat' dir='ltr'>vs.</span> <span class='ocrx_word' id='word_1_54' title='bbox 1848 1745 1979 1810; x_wconf 88' lang='lat'>398</span> <span class='ocrx_word' id='word_1_55' title='bbox 2038 1761 2243 1810; x_wconf 87' lang='lat' dir='ltr'>causa</span> <span class='ocrx_word' id='word_1_56' title='bbox 2300 1745 2629 1810; x_wconf 89' lang='lat' dir='ltr'>indicetur</span> <span class='ocrx_word' id='word_1_57' title='bbox 2681 1730 2933 1818; x_wconf 80' lang='lat' dir='ltr'>eorum,</span> 
     </span>
     <span class='ocr_line' id='line_1_11' title="bbox 732 1865 2932 1948; baseline -0 -18"><span class='ocrx_word' id='word_1_58' title='bbox 732 1882 900 1946; x_wconf 89' lang='lat' dir='ltr'>quae</span> <span class='ocrx_word' id='word_1_59' title='bbox 946 1865 1265 1931; x_wconf 87' lang='lat' dir='ltr'>dicuntur</span> <span class='ocrx_word' id='word_1_60' title='bbox 1310 1883 1513 1932; x_wconf 85' lang='lat' dir='ltr'>versu</span> <span class='ocrx_word' id='word_1_61' title='bbox 1557 1866 2001 1946; x_wconf 79' lang='lat' dir='ltr'>praecedenti.</span> <span class='ocrx_word' id='word_1_62' title='bbox 2042 1866 2343 1948; x_wconf 88' lang='lat' dir='ltr'>Uterque</span> <span class='ocrx_word' id='word_1_63' title='bbox 2380 1883 2620 1948; x_wconf 85' lang='lat' dir='ltr'>versus</span> <span class='ocrx_word' id='word_1_64' title='bbox 2656 1881 2932 1930; x_wconf 85' lang='lat' dir='ltr'>causam</span> 
     </span>
     <span class='ocr_line' id='line_1_12' title="bbox 733 1985 2925 2069; baseline -0.001 -17"><span class='ocrx_word' id='word_1_65' title='bbox 733 1985 1086 2066; x_wconf 85' lang='lat' dir='ltr'>significat,</span> <span class='ocrx_word' id='word_1_66' title='bbox 1130 2003 1249 2051; x_wconf 85' lang='lat' dir='ltr'>our</span> <span class='ocrx_word' id='word_1_67' title='bbox 1294 1985 1454 2052; x_wconf 91' lang='lat' dir='ltr'>illud</span> <span class='ocrx_word' id='word_1_68' title='bbox 1501 1988 1696 2053; x_wconf 89' lang='lat' dir='ltr'>detur</span> <span class='ocrx_word' id='word_1_69' title='bbox 1742 1987 2113 2063; x_wconf 87' lang='lat' dir='ltr'>consilium,</span> <span class='ocrx_word' id='word_1_70' title='bbox 2140 1989 2314 2069; x_wconf 91' lang='lat' dir='ltr'>quod</span> <span class='ocrx_word' id='word_1_71' title='bbox 2360 1987 2468 2053; x_wconf 89' lang='lat' dir='ltr'>hic</span> <span class='ocrx_word' id='word_1_72' title='bbox 2512 1986 2925 2069; x_wconf 89' lang='lat' dir='ltr'>proponitur.</span> 
     </span>
     <span class='ocr_line' id='line_1_13' title="bbox 733 2106 2574 2189; baseline 0.002 -18"><span class='ocrx_word' id='word_1_73' title='bbox 733 2106 858 2172; x_wconf 91' lang='lat' dir='ltr'>Pro</span> <span class='ocrx_word' id='word_1_74' title='bbox 907 2126 1066 2173; x_wconf 81' lang='lat' dir='ltr'>nam</span> <span class='ocrx_word' id='word_1_75' title='bbox 1113 2108 1350 2189; x_wconf 88' lang='lat' dir='ltr'>prioris</span> <span class='ocrx_word' id='word_1_76' title='bbox 1396 2126 1635 2175; x_wconf 84' lang='lat' dir='ltr'>versus</span> <span class='ocrx_word' id='word_1_77' title='bbox 1678 2111 1887 2175; x_wconf 91' lang='lat' dir='ltr'>etiam</span> <span class='ocrx_word' id='word_1_78' title='bbox 1933 2113 2195 2175; x_wconf 85' lang='lat' dir='ltr'>rectum</span> <span class='ocrx_word' id='word_1_79' title='bbox 2241 2110 2411 2176; x_wconf 86' lang='lat' dir='ltr'>foret</span> <span class='ocrx_word' id='word_1_80' title='bbox 2460 2112 2574 2175; x_wconf 79' lang='lat' dir='ltr'>ita.</span> 
     </span>
    </p>

    <p class='ocr_par' dir='ltr' id='par_1_8' title="bbox 824 2227 1442 2312">
     <span class='ocr_line' id='line_1_14' title="bbox 824 2227 1442 2312; baseline 0.002 -21"><span class='ocrx_word' id='word_1_81' title='bbox 824 2227 1032 2293; x_wconf 84' lang='lat' dir='ltr'>Stich.</span> <span class='ocrx_word' id='word_1_82' title='bbox 1083 2230 1213 2296; x_wconf 80' lang='lat'>274</span> <span class='ocrx_word' id='word_1_83' title='bbox 1261 2247 1442 2312; x_wconf 87' lang='lat' dir='ltr'>sqq.:</span> 
     </span>
    </p>

    <p class='ocr_par' dir='ltr' id='par_1_9' title="bbox 913 2350 2999 2557">
     <span class='ocr_line' id='line_1_15' title="bbox 913 2350 2999 2447; baseline -0.002 -31"><span class='ocrx_word' id='word_1_84' title='bbox 913 2350 1299 2447; x_wconf 62' lang='lat' dir='ltr'>Mercurius</span> <span class='ocrx_word' id='word_1_85' title='bbox 1364 2352 1544 2418; x_wconf 84' lang='lat' dir='ltr'>Iovis</span> <span class='ocrx_word' id='word_1_86' title='bbox 1605 2352 1891 2418; x_wconf 88' lang='lat' dir='ltr'>nuntius</span> <span class='ocrx_word' id='word_1_87' title='bbox 1947 2353 2063 2444; x_wconf 90' lang='lat' dir='ltr'>qui</span> <span class='ocrx_word' id='word_1_88' title='bbox 2111 2353 2514 2436; x_wconf 87' lang='lat' dir='ltr'>perhibetur,</span> <span class='ocrx_word' id='word_1_89' title='bbox 2561 2365 2930 2431; x_wconf 86' lang='lat' dir='ltr'>numquam</span> <span class='ocrx_word' id='word_1_90' title='bbox 2990 2373 2999 2382; x_wconf 86' lang='lat'><strong>·</strong></span> 
     </span>
     <span class='ocr_line' id='line_1_16' title="bbox 2388 2469 2847 2557; baseline -0.011 -17"><span class='ocrx_word' id='word_1_91' title='bbox 2388 2475 2625 2557; x_wconf 90' lang='lat' dir='ltr'>[aeque</span> <span class='ocrx_word' id='word_1_92' title='bbox 2671 2469 2847 2554; x_wconf 90' lang='lat' dir='ltr'>patri</span> 
     </span>
    </p>

    <p class='ocr_par' dir='ltr' id='par_1_10' title="bbox 917 2590 2937 2921">
     <span class='ocr_line' id='line_1_17' title="bbox 917 2590 2937 2679; baseline -0.001 -22"><span class='ocrx_word' id='word_1_93' title='bbox 917 2593 1050 2659; x_wconf 83' lang='lat' dir='ltr'>Suo</span> <span class='ocrx_word' id='word_1_94' title='bbox 1114 2596 1434 2661; x_wconf 91' lang='lat' dir='ltr'>nuntium</span> <span class='ocrx_word' id='word_1_95' title='bbox 1478 2590 1775 2676; x_wconf 85' lang='lat' dir='ltr'>lepidum</span> <span class='ocrx_word' id='word_1_96' title='bbox 1822 2596 2056 2662; x_wconf 89' lang='lat' dir='ltr'>attulit</span> <span class='ocrx_word' id='word_1_97' title='bbox 2103 2613 2305 2679; x_wconf 88' lang='lat' dir='ltr'>quam</span> <span class='ocrx_word' id='word_1_98' title='bbox 2354 2611 2474 2675; x_wconf 85' lang='lat' dir='ltr'>ego</span> <span class='ocrx_word' id='word_1_99' title='bbox 2522 2611 2701 2659; x_wconf 89' lang='lat' dir='ltr'>nunc</span> <span class='ocrx_word' id='word_1_100' title='bbox 2750 2607 2937 2656; x_wconf 87' lang='lat' dir='ltr'>meae</span> 
     </span>
     <span class='ocr_line' id='line_1_18' title="bbox 2259 2714 2842 2805; baseline -0.009 -21"><span class='ocrx_word' id='word_1_101' title='bbox 2259 2714 2433 2805; x_wconf 89' lang='lat' dir='ltr'>[erae</span> <span class='ocrx_word' id='word_1_102' title='bbox 2478 2716 2842 2782; x_wconf 85' lang='lat' dir='ltr'>nuntiabo:</span> 
     </span>
     <span class='ocr_line' id='line_1_19' title="bbox 917 2837 2825 2921; baseline -0.002 -18"><span class='ocrx_word' id='word_1_103' title='bbox 917 2839 1154 2920; x_wconf 85' lang='lat' dir='ltr'>Itaque</span> <span class='ocrx_word' id='word_1_104' title='bbox 1201 2841 1527 2906; x_wconf 84' lang='lat' dir='ltr'>onustum</span> <span class='ocrx_word' id='word_1_105' title='bbox 1575 2843 1813 2921; x_wconf 85' lang='lat' dir='ltr'>peetus</span> <span class='ocrx_word' id='word_1_106' title='bbox 1858 2842 2047 2921; x_wconf 89' lang='lat' dir='ltr'>porto</span> <span class='ocrx_word' id='word_1_107' title='bbox 2092 2839 2353 2905; x_wconf 87' lang='lat' dir='ltr'>laetitia</span> <span class='ocrx_word' id='word_1_108' title='bbox 2396 2837 2825 2917; x_wconf 79' lang='lat' dir='ltr'>labentiaque</span> 
     </span>
    </p>

    <p class='ocr_par' dir='ltr' id='par_1_11' title="bbox 917 2956 2936 3054">
     <span class='ocr_line' id='line_1_20' title="bbox 917 2956 2936 3054; baseline -0.003 -29"><span class='ocrx_word' id='word_1_109' title='bbox 917 2960 1147 3041; x_wconf 88' lang='lat' dir='ltr'>Neque</span> <span class='ocrx_word' id='word_1_110' title='bbox 1197 2959 1381 3035; x_wconf 91' lang='lat' dir='ltr'>lubet</span> <span class='ocrx_word' id='word_1_111' title='bbox 1421 2959 1553 3026; x_wconf 87' lang='lat' dir='ltr'>nisi</span> <span class='ocrx_word' id='word_1_112' title='bbox 1590 2962 1869 3040; x_wconf 86' lang='lat' dir='ltr'>gloriose</span> <span class='ocrx_word' id='word_1_113' title='bbox 1907 2961 2263 3054; x_wconf 88' lang='lat' dir='ltr'>quicquam</span> <span class='ocrx_word' id='word_1_114' title='bbox 2301 2958 2595 3041; x_wconf 89' lang='lat' dir='ltr'>proloqui</span> <span class='ocrx_word' id='word_1_115' title='bbox 2625 2956 2936 3039; x_wconf 86' lang='lat' dir='ltr'>profecto.</span> 
     </span>
    </p>

    <p class='ocr_par' dir='ltr' id='par_1_12' title="bbox 736 3078 2940 3541">
     <span class='ocr_line' id='line_1_21' title="bbox 824 3078 2937 3165; baseline -0.002 -20"><span class='ocrx_word' id='word_1_116' title='bbox 824 3081 1062 3163; x_wconf 80' lang='lat' dir='ltr'>Itaque</span> <span class='ocrx_word' id='word_1_117' title='bbox 1115 3083 1222 3147; x_wconf 88' lang='lat' dir='ltr'>hic</span> <span class='ocrx_word' id='word_1_118' title='bbox 1268 3083 1436 3153; x_wconf 89' lang='lat' dir='ltr'>item</span> <span class='ocrx_word' id='word_1_119' title='bbox 1483 3086 1687 3165; x_wconf 87' lang='lat' dir='ltr'>atque</span> <span class='ocrx_word' id='word_1_120' title='bbox 1734 3083 1931 3148; x_wconf 89' lang='lat' dir='ltr'>Poen.</span> <span class='ocrx_word' id='word_1_121' title='bbox 1984 3082 2115 3146; x_wconf 80' lang='lat'>200</span> <span class='ocrx_word' id='word_1_122' title='bbox 2161 3078 2488 3163; x_wconf 88' lang='lat' dir='ltr'>particula</span> <span class='ocrx_word' id='word_1_123' title='bbox 2533 3086 2639 3145; x_wconf 87' lang='lat' dir='ltr'>est</span> <span class='ocrx_word' id='word_1_124' title='bbox 2684 3078 2937 3143; x_wconf 89' lang='lat' dir='ltr'>conclu·</span> 
     </span>
     <span class='ocr_line' id='line_1_22' title="bbox 736 3199 2934 3285; baseline -0.003 -16"><span class='ocrx_word' id='word_1_125' title='bbox 736 3203 994 3269; x_wconf 84' lang='lat' dir='ltr'>dent-is:</span> <span class='ocrx_word' id='word_1_126' title='bbox 1042 3204 1388 3271; x_wconf 86' lang='lat' dir='ltr'>Pinacium</span> <span class='ocrx_word' id='word_1_127' title='bbox 1427 3222 1580 3271; x_wconf 90' lang='lat' dir='ltr'>erae</span> <span class='ocrx_word' id='word_1_128' title='bbox 1619 3222 1781 3271; x_wconf 87' lang='lat' dir='ltr'>suae</span> <span class='ocrx_word' id='word_1_129' title='bbox 1818 3203 2307 3285; x_wconf 86' lang='lat' dir='ltr'>lepidissimum</span> <span class='ocrx_word' id='word_1_130' title='bbox 2346 3202 2541 3267; x_wconf 86' lang='lat' dir='ltr'>affert</span> <span class='ocrx_word' id='word_1_131' title='bbox 2581 3199 2934 3280; x_wconf 90' lang='lat' dir='ltr'>nuntium;</span> 
     </span>
     <span class='ocr_line' id='line_1_23' title="bbox 737 3320 2940 3405; baseline -0.002 -16"><span class='ocrx_word' id='word_1_132' title='bbox 737 3341 879 3404; x_wconf 86' lang='lat' dir='ltr'>erg</span> <span class='ocrx_word' id='word_1_133' title='bbox 897 3343 935 3390; x_wconf 96' lang='lat' dir='ltr'>o</span> <span class='ocrx_word' id='word_1_134' title='bbox 1003 3324 1364 3391; x_wconf 86' lang='lat' dir='ltr'>admodum</span> <span class='ocrx_word' id='word_1_135' title='bbox 1431 3329 1539 3391; x_wconf 89' lang='lat' dir='ltr'>est</span> <span class='ocrx_word' id='word_1_136' title='bbox 1605 3326 1825 3391; x_wconf 88' lang='lat' dir='ltr'>laetus</span> <span class='ocrx_word' id='word_1_137' title='bbox 1890 3328 2095 3405; x_wconf 88' lang='lat' dir='ltr'>atque</span> <span class='ocrx_word' id='word_1_138' title='bbox 2163 3321 2441 3402; x_wconf 85' lang='lat' dir='ltr'>gloriose</span> <span class='ocrx_word' id='word_1_139' title='bbox 2488 3320 2729 3386; x_wconf 85' lang='lat' dir='ltr'>omnia</span> <span class='ocrx_word' id='word_1_140' title='bbox 2789 3321 2940 3385; x_wconf 84' lang='lat' dir='ltr'>vult</span> 
     </span>
     <span class='ocr_line' id='line_1_24' title="bbox 738 3446 1193 3541; baseline -0.007 -29"><span class='ocrx_word' id='word_1_141' title='bbox 738 3446 1058 3529; x_wconf 89' lang='lat' dir='ltr'>proloqui.</span> <span class='ocrx_word' id='word_1_142' title='bbox 1187 3536 1193 3541; x_wconf 13' lang='grc' dir='ltr'><em>ἠ</em></span> 
     </span>
    </p>

    <p class='ocr_par' dir='ltr' id='par_1_13' title="bbox 829 3566 1692 3650">
     <span class='ocr_line' id='line_1_25' title="bbox 829 3566 1692 3650; baseline 0.001 -17"><span class='ocrx_word' id='word_1_143' title='bbox 829 3566 963 3633; x_wconf 88' lang='lat' dir='ltr'>Cic.</span> <span class='ocrx_word' id='word_1_144' title='bbox 1013 3568 1238 3635; x_wconf 87' lang='lat' dir='ltr'>Somn.</span> <span class='ocrx_word' id='word_1_145' title='bbox 1289 3568 1464 3650; x_wconf 82' lang='lat' dir='ltr'>Scip.</span> <span class='ocrx_word' id='word_1_146' title='bbox 1512 3569 1564 3646; x_wconf 93' lang='lat' dir='ltr'>I,</span> <span class='ocrx_word' id='word_1_147' title='bbox 1619 3571 1692 3634; x_wconf 92' lang='lat' dir='ltr'>l:</span> 
     </span>
    </p>

    <p class='ocr_par' dir='ltr' id='par_1_14' title="bbox 914 3682 3040 4375">
     <span class='ocr_line' id='line_1_26' title="bbox 1011 3682 2937 3772; baseline -0.004 -18"><span class='ocrx_word' id='word_1_148' title='bbox 1011 3688 1278 3771; x_wconf 79' lang='lat' dir='ltr'>Grates,</span> <span class='ocrx_word' id='word_1_149' title='bbox 1325 3690 1562 3772; x_wconf 89' lang='lat' dir='ltr'>inquit,</span> <span class='ocrx_word' id='word_1_150' title='bbox 1612 3689 1736 3755; x_wconf 89' lang='lat' dir='ltr'>tibi</span> <span class='ocrx_word' id='word_1_151' title='bbox 1774 3704 1917 3767; x_wconf 88' lang='lat' dir='ltr'>ago,</span> <span class='ocrx_word' id='word_1_152' title='bbox 1965 3703 2231 3753; x_wconf 89' lang='lat' dir='ltr'>summe</span> <span class='ocrx_word' id='word_1_153' title='bbox 2270 3684 2399 3767; x_wconf 82' lang='lat' dir='ltr'>Sol,</span> <span class='ocrx_word' id='word_1_154' title='bbox 2440 3684 2760 3765; x_wconf 88' lang='lat' dir='ltr'>vobisque</span> <span class='ocrx_word' id='word_1_155' title='bbox 2798 3682 2937 3748; x_wconf 90' lang='lat' dir='ltr'>reli·</span> 
     </span>
     <span class='ocr_line' id='line_1_27' title="bbox 931 3803 2935 3892; baseline -0.004 -16"><span class='ocrx_word' id='word_1_156' title='bbox 931 3811 1101 3891; x_wconf 86' lang='lat' dir='ltr'>quis,</span> <span class='ocrx_word' id='word_1_157' title='bbox 1165 3811 1462 3885; x_wconf 87' lang='lat' dir='ltr'>caelites,</span> <span class='ocrx_word' id='word_1_158' title='bbox 1525 3811 1716 3892; x_wconf 90' lang='lat' dir='ltr'>quod,</span> <span class='ocrx_word' id='word_1_159' title='bbox 1784 3811 2149 3890; x_wconf 85' lang='lat' dir='ltr'>antequam</span> <span class='ocrx_word' id='word_1_160' title='bbox 2210 3823 2295 3871; x_wconf 82' lang='lat' dir='ltr'>ex</span> <span class='ocrx_word' id='word_1_161' title='bbox 2347 3804 2471 3870; x_wconf 86' lang='lat' dir='ltr'>hac</span> <span class='ocrx_word' id='word_1_162' title='bbox 2516 3805 2661 3869; x_wconf 85' lang='lat' dir='ltr'>vita</span> <span class='ocrx_word' id='word_1_163' title='bbox 2704 3803 2935 3884; x_wconf 86' lang='lat' dir='ltr'>migro,</span> 
     </span>
     <span class='ocr_line' id='line_1_28' title="bbox 919 3922 2936 4018; baseline -0.004 -22"><span class='ocrx_word' id='word_1_164' title='bbox 919 3930 1250 4012; x_wconf 80' lang='lat' dir='ltr'>conspicio</span> <span class='ocrx_word' id='word_1_165' title='bbox 1298 3932 1370 3996; x_wconf 91' lang='lat' dir='ltr'>in</span> <span class='ocrx_word' id='word_1_166' title='bbox 1411 3948 1558 4003; x_wconf 90' lang='lat' dir='ltr'>meo</span> <span class='ocrx_word' id='word_1_167' title='bbox 1599 3946 1801 4009; x_wconf 88' lang='lat' dir='ltr'>regno</span> <span class='ocrx_word' id='word_1_168' title='bbox 1841 3932 1913 3994; x_wconf 90' lang='lat' dir='ltr'>et</span> <span class='ocrx_word' id='word_1_169' title='bbox 1948 3928 2020 3992; x_wconf 91' lang='lat' dir='ltr'>in</span> <span class='ocrx_word' id='word_1_170' title='bbox 2059 3926 2166 4018; x_wconf 84' lang='lat' dir='ltr'>his</span> <span class='ocrx_word' id='word_1_171' title='bbox 2213 3925 2413 3991; x_wconf 84' lang='lat' dir='ltr'>tectis</span> <span class='ocrx_word' id='word_1_172' title='bbox 2448 3924 2521 3989; x_wconf 90' lang='lat' dir='ltr'>P.</span> <span class='ocrx_word' id='word_1_173' title='bbox 2561 3922 2936 3989; x_wconf 89' lang='lat' dir='ltr'>Cornelium</span> 
     </span>
     <span class='ocr_line' id='line_1_29' title="bbox 930 4046 2941 4136; baseline -0 -20"><span class='ocrx_word' id='word_1_174' title='bbox 930 4052 1327 4136; x_wconf 87' lang='lat' dir='ltr'>Scipionem,</span> <span class='ocrx_word' id='word_1_175' title='bbox 1395 4053 1587 4118; x_wconf 84' lang='lat' dir='ltr'>cuius</span> <span class='ocrx_word' id='word_1_176' title='bbox 1649 4067 1771 4131; x_wconf 87' lang='lat' dir='ltr'>ego</span> <span class='ocrx_word' id='word_1_177' title='bbox 1832 4049 2102 4114; x_wconf 89' lang='lat' dir='ltr'>nomine</span> <span class='ocrx_word' id='word_1_178' title='bbox 2164 4047 2311 4128; x_wconf 88' lang='lat' dir='ltr'>ipso</span> <span class='ocrx_word' id='word_1_179' title='bbox 2372 4061 2656 4111; x_wconf 87' lang='lat' dir='ltr'>recreor:</span> <span class='ocrx_word' id='word_1_180' title='bbox 2712 4046 2941 4125; x_wconf 75' lang='lat' dir='ltr'>itaque</span> 
     </span>
     <span class='ocr_line' id='line_1_30' title="bbox 921 4167 3040 4265; baseline -0.004 -26"><span class='ocrx_word' id='word_1_181' title='bbox 921 4191 1292 4257; x_wconf 83' lang='lat' dir='ltr'>numquam</span> <span class='ocrx_word' id='word_1_182' title='bbox 1334 4190 1418 4239; x_wconf 83' lang='lat' dir='ltr'>ex</span> <span class='ocrx_word' id='word_1_183' title='bbox 1455 4172 1679 4239; x_wconf 90' lang='lat' dir='ltr'>animo</span> <span class='ocrx_word' id='word_1_184' title='bbox 1722 4188 1869 4245; x_wconf 87' lang='lat' dir='ltr'>meo</span> <span class='ocrx_word' id='word_1_185' title='bbox 1909 4170 2189 4241; x_wconf 86' lang='lat' dir='ltr'>discedit</span> <span class='ocrx_word' id='word_1_186' title='bbox 2228 4168 2407 4235; x_wconf 87' lang='lat' dir='ltr'>illius</span> <span class='ocrx_word' id='word_1_187' title='bbox 2444 4167 2700 4247; x_wconf 87' lang='lat' dir='ltr'>optumi</span> <span class='ocrx_word' id='word_1_188' title='bbox 2737 4169 2941 4265; x_wconf 83' lang='lat' dir='ltr'>atque</span> <span class='ocrx_word' id='word_1_189' title='bbox 3038 4202 3040 4204; x_wconf 89' lang='lat'>·</span> 
     </span>
     <span class='ocr_line' id='line_1_31' title="bbox 914 4295 2210 4375; baseline -0.005 -15"><span class='ocrx_word' id='word_1_190' title='bbox 914 4295 1347 4361; x_wconf 85' lang='lat' dir='ltr'>invictissimi</span> <span class='ocrx_word' id='word_1_191' title='bbox 1395 4295 1522 4360; x_wconf 80' lang='lat' dir='ltr'>viri</span> <span class='ocrx_word' id='word_1_192' title='bbox 1569 4295 1913 4361; x_wconf 83' lang='lat' dir='ltr'>memoria.</span> <span class='ocrx_word' id='word_1_193' title='bbox 2204 4369 2210 4375; x_wconf 35' lang='grc'><strong>,</strong></span> 
     </span>
    </p>

    <p class='ocr_par' dir='ltr' id='par_1_15' title="bbox 833 4406 2943 4497">
     <span class='ocr_line' id='line_1_32' title="bbox 833 4406 2943 4497; baseline -0.004 -18"><span class='ocrx_word' id='word_1_194' title='bbox 833 4416 966 4479; x_wconf 91' lang='grc' dir='ltr'>Α111</span> <span class='ocrx_word' id='word_1_195' title='bbox 1007 4416 1156 4480; x_wconf 92' lang='lat' dir='ltr'>libri</span> <span class='ocrx_word' id='word_1_196' title='bbox 1198 4417 1446 4481; x_wconf 85' lang='lat' dir='ltr'>habent</span> <span class='ocrx_word' id='word_1_197' title='bbox 1485 4418 1722 4497; x_wconf 76' lang='lat' dir='ltr'>itaque,</span> <span class='ocrx_word' id='word_1_198' title='bbox 1747 4414 1858 4480; x_wconf 87' lang='lat' dir='ltr'>alii</span> <span class='ocrx_word' id='word_1_199' title='bbox 1891 4416 2001 4479; x_wconf 80' lang='lat' dir='ltr'>ita.</span> <span class='ocrx_word' id='word_1_200' title='bbox 2033 4412 2415 4490; x_wconf 89' lang='lat' dir='ltr'>Utrumque</span> <span class='ocrx_word' id='word_1_201' title='bbox 2448 4406 2707 4471; x_wconf 84' lang='lat' dir='ltr'>defendi</span> <span class='ocrx_word' id='word_1_202' title='bbox 2744 4423 2943 4486; x_wconf 85' lang='lat' dir='ltr'>posse</span> 
     </span>
    </p>
   </div>
  </div>
 </body>
</html>
