3450 5350
1573 600 1614 662 9

500 783 858 866 flagitaret)
920 782 1082 857 ideo,
1147 781 1261 846 ubi
1323 779 1590 845 savium
1645 767 1967 860 'oppegit.‘?
2027 778 2257 858 Neque
2311 777 2434 842 hoc
2480 789 2693 854 neque

497 904 679 979 illud,
741 904 1002 984 opinor;
1065 901 1516 967 Phaedromus
1579 901 1763 965 enim
1826 898 2139 964 Palinuro
2201 898 2350 963 vult
2396 898 2691 993 probare,

499 1041 701 1105 quarn
748 1024 981 1103 pudica
1027 1022 1410 1088 Planesium
1453 1023 1578 1086 sit:
1627 1021 1778 1106 „ubi
1816 1021 2086 1086 savium
2124 1019 2409 1101 oppegit,
2451 1018 2689 1098 fugit”.

499 1145 680 1226 Quod
743 1145 802 1209 si
863 1145 1110 1210 faceret
1175 1148 1360 1209 metu
1423 1143 1702 1222 lenonie,
1752 1143 2073 1207 nimirum
2120 1159 2253 1207 non
2298 1143 2693 1220 argumento

477 1268 680 1331 esset
725 1266 1100 1345 pudicitiae.

586 1385 656 1450 Si
700 1385 1011 1453 Lnormm
1057 1387 1416 1469 sequimur,
1469 1387 1600 1453 alia
1648 1385 1925 1452 exsistit
1970 1402 2207 1450 causa:
2255 1387 2406 1449 tum
2442 1381 2509 1446 id
2548 1382 2692 1447 fieri

490 1507 758 1584 dicitur,
799 1509 954 1589 quia
992 1510 1141 1574 leno
1179 1509 1668 1574 Phaedromum
1707 1507 2065 1574 excruciat.
2116 1506 2549 1570 Manifestum
2586 1506 2693 1568 est

497 1628 619 1693 hoc
681 1629 888 1694 etiam
950 1630 1176 1695 minus
1237 1633 1472 1709 aptum
1533 1645 1683 1694 esse
1744 1645 1947 1709 quam
2008 1625 2165 1692 illud
2228 1626 2401 1707 quod
2452 1627 2692 1690 textus

497 1751 788 1814 traditus
833 1753 1100 1830 recepta
1145 1751 1388 1817 Bo'rfflr
1435 1749 1961 1829 transpositione
2006 1747 2338 1812 exhibeat.
2406 1746 2691 1812 Necesse

495 1869 661 1935 mihi
721 1870 988 1935 videtur
1047 1869 1286 1936 lacuna
1348 1873 1726 1946 statuatur;
1790 1869 2115 1934 excidisse
2172 1868 2465 1949 aliquam
2529 1869 2691 1948 puto

495 1992 906 2057 sententiam
969 2011 1101 2074 qua
1161 1994 1514 2059 Palinurus
1573 1993 1837 2074 rogavit
1896 1992 2161 2074 aliquid,
2218 2009 2346 2073 quo
2392 1995 2691 2072 spectare

496 2114 709 2194 possit
774 2131 1139 2195 pronomen
1207 2115 1280 2179 id
1293 2137 1320 2194 ;
1390 2131 1543 2195 ergo
1611 2115 1736 2180 hoc
1804 2113 1940 2178 fere
2006 2114 2113 2179 hic
2171 2113 2465 2195 requiro:
2536 2129 2690 2198 „cur

497 2238 727 2300 autem
773 2234 944 2299 hanc
990 2252 1123 2300 non
1170 2235 1341 2300 emis
1389 2239 1460 2300 et
1506 2252 1622 2300 cur
1667 2235 1765 2299 sic
1808 2235 1979 2299 clam
2028 2237 2188 2299 ante
2235 2233 2450 2298 lucem
2497 2235 2567 2296 te
2606 2230 2688 2296 ad

496 2371 646 2419 eam
709 2355 988 2436 surripis
1006 2356 1083 2420 ?”
1147 2357 1292 2422 Hoc
1355 2360 1628 2436 rogatus
1688 2355 2039 2438 aptissime
2096 2354 2547 2420 Phaedromus
2595 2370 2687 2418 re·

499 2476 821 2556 spondere
879 2480 1135 2557 potest:
1189 2478 1292 2563 „id
1337 2495 1414 2544 eo
1461 2479 1540 2543 fit
1587 2497 1643 2544 e.
1693 2496 1755 2559 q.
1807 2478 1907 2543 s.”
1955 2477 2239 2542 Omnino
2292 2476 2396 2562 „id
2444 2492 2519 2541 eo
2564 2475 2687 2540 fit’'

499 2597 769 2662 initium
853 2615 1001 2663 esse
1078 2603 1241 2679 puto
1309 2600 1588 2665 alicuius
1656 2601 1990 2682 responsi;
2060 2599 2142 2664 cf.
2216 2597 2463 2680 Amph.
2537 2597 2687 2663 756.

498 2719 982 2785 Phaedromum
1024 2720 1204 2785 enim
1237 2722 1350 2801 qui
1381 2722 1472 2786 nil
1497 2721 1673 2786 aliud
1699 2722 1831 2786 nisi
1856 2720 2246 2802 pudicitiam
2270 2718 2526 2799 puellae
2550 2735 2687 2799 pro-

497 2843 652 2907 bare
682 2843 934 2918 studet,
959 2841 1120 2907 talia
1143 2860 1188 2906 n
1203 2860 1298 2907 on
1322 2860 1404 2908 ro
1418 2846 1612 2921 gatu
1628 2862 1696 2908 m
1718 2860 1988 2907 'narrare
2011 2840 2377 2908 absurdum
2400 2840 2686 2904 videtur.

585 2963 776 3042 Ergo,
841 2964 899 3028 si
959 2980 1196 3029 verum
1259 2967 1366 3029 est
1430 2965 1599 3045 quod
1663 2964 2024 3045 disputavi,
2086 2963 2537 3045 recipiendum
2582 2963 2686 3027 est
2814 2994 2817 2997 ·

493 3082 731 3149 Luoim
797 3076 1362 3165 supplementum,
1424 3088 1494 3150 et
1553 3086 1725 3166 quod
1788 3086 1853 3150 in
1918 3088 2116 3150 textu
2176 3084 2423 3149 tradito
2486 3084 2689 3148 verba

499 3204 598 3290 „is
657 3194 767 3271 me
825 3206 1212 3271 excruciat''
1259 3188 1568 3285 la’nguide
1613 3223 1771 3271 cum
1816 3206 2365 3289 praecedentibus
2409 3205 2688 3284 iungun-

488 3330 621 3402 tur,
672 3330 742 3392 et
788 3328 958 3409 quod
1006 3326 1566 3393 verisimillimum
1605 3332 1714 3393 est
1752 3327 2239 3394 Phaedromum
2277 3344 2470 3407 agere
2509 3328 2687 3393 sicut

489 3449 631 3528 agit
696 3454 963 3531 propter
1030 3450 1291 3515 lenonis
1359 3450 1837 3532 pervicaciam3
1908 3468 2059 3516 eam
2129 3468 2287 3517 vero
2354 3449 2530 3516 illius
2592 3453 2688 3517 rei

492 3572 725 3637 afferre
783 3590 1077 3648 causam,
1125 3572 1297 3653 quod
1341 3572 1490 3637 leno
1533 3575 1847 3651 aegrotus
1893 3574 2165 3640 incubat
2212 3575 2282 3640 in
2328 3574 2687 3655 Aesculapi

452 3692 666 3796 ‚fan0‚
713 3693 1211 3774 ineptissimum
1259 3693 1542 3759 videtur.

581 3952 684 3999 vs.
754 3936 878 4000 192
942 3953 1038 4017 sq.
1103 3934 1552 4002 Phaedromus
1608 3936 1920 4002 Palinuro
1965 3937 2387 4004 maledicenti
2434 3938 2686 4020 puellae

490 4056 836 4121 irascitur:

1301 4180 1448 4244 Tun
1498 4195 1717 4243 meam
1770 4178 2099 4244 Venerem
2144 4180 2537 4261 vituperes?

491 4297 672 4378 Quod
706 4298 976 4379 quidem
1006 4300 1169 4364 mihi
1201 4299 1531 4380 polluctus
1563 4300 1769 4378 virgis
1801 4316 2031 4366 servos
2055 4318 2433 4367 sermonem
2458 4304 2685 4367 serat?

581 4418 916 4485 Vocabulo
964 4420 1136 4501 quod
1179 4420 1312 4485 Lno
1355 4420 1657 4502 appingit
1696 4437 1979 4504 crucem,
2022 4426 2224 4504 atque
2264 4428 2477 4504 recte3
2522 4441 2681 4489 nam
