3450 5350
1265 1458 1638 1543 CAPUT
1699 1459 1944 1542 VIII.

552 1915 657 1981 De
704 1913 1148 1982 Curculionis
1194 1929 1371 1995 quae
1416 1895 1679 1980 dicitnr
1721 1913 2067 1996 pai-abasi.
2105 1895 2653 1997 Topographica.

596 2101 714 2182 IV,
792 2101 851 2164 1.
922 2100 1102 2181 Quae
1161 2115 1340 2164 nunc
1405 2098 1709 2181 sequitur
1768 2115 2033 2175 scaena,
2094 2098 2162 2163 in
2226 2101 2374 2164 tota
2431 2098 2700 2180 palliata

509 2222 705 2287 unica
765 2223 1016 2301 exstat,
1080 2237 1294 2301 neque
1348 2220 1592 2285 iniuria
1638 2220 1769 2284 viri
1815 2219 1989 2285 docti
2034 2236 2184 2285 eam
2229 2224 2700 2303 compararunt

507 2360 662 2408 cum
720 2341 1028 2424 parabasi
1073 2341 1390 2422 antiquae
1437 2341 1829 2406 comoediae.
1878 2331 2107 2406 Prodit
2152 2343 2333 2408 enim
2378 2342 2701 2422 choragus

505 2463 589 2529 ad
649 2465 1064 2544 spectatores
1123 2479 1198 2527 se
1257 2466 1657 2528 convertens
1703 2461 1930 2527 verbis
1972 2461 2058 2526 ad
2102 2462 2361 2528 fabulae
2407 2480 2698 2544 progres-

506 2605 660 2652 sum
722 2586 884 2651 nihil
945 2585 1457 2667 pertinentibus.
1519 2585 1773 2650 Scaena
1834 2585 2230 2666 praesertim
2278 2585 2700 2668 topographis

505 2708 860 2774 notissima
917 2710 1044 2790 est,
1110 2706 1423 2788 quoniam
1473 2706 1552 2771 de
1597 2706 1834 2772 multis
1879 2707 2064 2772 urbis
2110 2709 2359 2774 Romae
2402 2708 2561 2775 locis
2604 2708 2701 2772 in-

504 2829 671 2895 dicia
715 2829 916 2894 habet
963 2828 1139 2892 haud
1185 2828 1376 2908 parvi
1420 2828 1763 2893 momenti.
1815 2827 2057 2893 Totam
2099 2829 2491 2911 exscribam,
2536 2831 2700 2894 tunc

502 2952 741 3028 dicam,
787 2950 945 3031 quid
992 2950 1072 3015 de
1119 2949 1400 3028 singulis
1456 2965 1799 3015 censeam:

679 3071 924 3153 Edepol
960 3075 1353 3151 nugatorem
1392 3068 1682 3151 lepidum
1721 3070 1936 3152 lepide
1973 3071 2150 3137 hunc
2191 3073 2467 3137 nactust
2498 3071 2698 3135 Phae-

2292 3193 2607 3273 [dromus.

682 3314 1182 3395 Halophantam
1203 3330 1292 3379 an
1316 3313 1808 3396 sycophantam
1827 3314 2043 3393 magis
2057 3331 2207 3381 esse
2223 3315 2440 3381 dicam
2455 3315 2697 3381 nescio.

680 3437 1092 3503 ornamenta
1137 3452 1306 3516 quae
1354 3433 1571 3500 locavi
1616 3436 1850 3500 metuo
1894 3438 1976 3500 ut
2019 3436 2275 3517 possim
2319 3436 2641 3517 recipere;

503 3556 635 3623 465
681 3558 1101 3639 Quamquam
1166 3572 1322 3621 cum
1383 3555 1554 3624 istoc
1614 3555 1781 3621 mihi
1840 3557 2064 3637 negoti
2132 3556 2298 3622 nihil
2366 3560 2505 3622 est:
2572 3556 2702 3638 ipsi

2175 3676 2608 3756 [Phaedromo

677 3799 968 3881 Credidi3
1003 3801 1236 3864 tamen
1259 3798 1641 3864 asservabo.
1668 3797 1795 3863 Sed
1824 3798 1985 3864 dum
2009 3797 2117 3864 hic
2138 3800 2476 3879 egreditur
2498 3800 2695 3881 foras

680 3918 1252 4001 Commonstrabo,
1309 3934 1440 3999 quo
1485 3917 1558 3985 in
1606 3896 1939 4001 quemque
1983 3919 2325 3985 hominem
2369 3920 2562 3986 facile
2606 3922 2699 3987 in-

2086 4040 2401 4121 [veniatis
2447 4039 2608 4118 loco,

678 4166 777 4231 Ne
802 4164 1010 4230 nimio
1030 4178 1226 4244 opere
1249 4166 1478 4235 sumat
1501 4178 1773 4244 operam
1798 4163 2056 4246 siquem
2080 4166 2489 4230 conventum
2513 4165 2695 4249 velit,

679 4286 806 4352 Vel
844 4285 1168 4351 vitiosum
1203 4282 1312 4349 vel
1351 4283 1498 4349 sine
1522 4284 1706 4368 vitio,
1735 4285 1845 4351 vel
1867 4286 2148 4366 probum
2172 4285 2278 4351 vel
2300 4286 2695 4367 improbum.

501 4409 636 4476 470
682 4407 806 4489 Qui
829 4406 1174 4487 periurum
1195 4406 1553 4471 convenire
1577 4404 1716 4472 volt
1744 4406 2083 4473 hominem
2105 4406 2201 4473 ito
2224 4407 2295 4472 in
2318 4407 2695 4479 comitium3
