<?xml version="1.0" encoding="UTF-8"?>
<!DOCTYPE html PUBLIC "-//W3C//DTD XHTML 1.0 Transitional//EN"
    "http://www.w3.org/TR/xhtml1/DTD/xhtml1-transitional.dtd">
<html xmlns="http://www.w3.org/1999/xhtml" xml:lang="en" lang="en">
 <head>
  <title>
</title>
<meta http-equiv="Content-Type" content="text/html;charset=utf-8" />
  <meta name='ocr-system' content='tesseract 3.04.00' />
  <meta name='ocr-capabilities' content='ocr_page ocr_carea ocr_par ocr_line ocrx_word'/>
</head>
<body>
  <div class='ocr_page' id='page_1' title='image "./deplauticurculi00unkngoog_0110.png"; bbox 0 0 3450 5350; ppageno 0'>
   <div class='ocr_carea' id='block_1_1' title="bbox 1833 592 1920 660">
    <p class='ocr_par' dir='ltr' id='par_1_1' title="bbox 1833 592 1920 660">
     <span class='ocr_line' id='line_1_1' title="bbox 1833 592 1920 660; baseline 0.034 -3"><span class='ocrx_word' id='word_1_1' title='bbox 1833 592 1920 660; x_wconf 83' lang='lat'>98</span> 
     </span>
    </p>
   </div>
   <div class='ocr_carea' id='block_1_2' title="bbox 775 766 2971 1214">
    <p class='ocr_par' dir='ltr' id='par_1_2' title="bbox 775 766 2971 1214">
     <span class='ocr_line' id='line_1_2' title="bbox 775 766 2965 861; baseline 0.002 -24"><span class='ocrx_word' id='word_1_2' title='bbox 775 773 847 837; x_wconf 91' lang='lat' dir='ltr'>in</span> <span class='ocrx_word' id='word_1_3' title='bbox 892 773 1301 861; x_wconf 74' lang='lat' dir='ltr'>privatum&#39;&#39;.</span> <span class='ocrx_word' id='word_1_4' title='bbox 1348 774 1575 855; x_wconf 88' lang='lat' dir='ltr'>Atque</span> <span class='ocrx_word' id='word_1_5' title='bbox 1618 776 1795 855; x_wconf 91' lang='lat' dir='ltr'>apud</span> <span class='ocrx_word' id='word_1_6' title='bbox 1841 766 2122 842; x_wconf 87' lang='lat' dir='ltr'>Festut&#39;n</span> <span class='ocrx_word' id='word_1_7' title='bbox 2169 795 2231 858; x_wconf 89' lang='lat' dir='ltr'>p.</span> <span class='ocrx_word' id='word_1_8' title='bbox 2287 776 2413 841; x_wconf 83' lang='lat'>125</span> <span class='ocrx_word' id='word_1_9' title='bbox 2451 776 2736 855; x_wconf 86' lang='lat' dir='ltr'>legimus</span> <span class='ocrx_word' id='word_1_10' title='bbox 2769 777 2965 843; x_wconf 88' lang='lat' dir='ltr'>haec:</span> 
     </span>
     <span class='ocr_line' id='line_1_3' title="bbox 784 894 2967 979; baseline 0.002 -21"><span class='ocrx_word' id='word_1_11' title='bbox 784 894 1169 979; x_wconf 83' lang='lat' dir='ltr'>„macellum</span> <span class='ocrx_word' id='word_1_12' title='bbox 1230 896 1483 961; x_wconf 91' lang='lat' dir='ltr'>dictum</span> <span class='ocrx_word' id='word_1_13' title='bbox 1547 913 1587 961; x_wconf 89' lang='lat' dir='ltr'>a</span> <span class='ocrx_word' id='word_1_14' title='bbox 1649 896 1917 963; x_wconf 85' lang='lat' dir='ltr'>Macello</span> <span class='ocrx_word' id='word_1_15' title='bbox 1975 898 2285 979; x_wconf 87' lang='lat' dir='ltr'>quodam,</span> <span class='ocrx_word' id='word_1_16' title='bbox 2337 898 2454 978; x_wconf 92' lang='lat' dir='ltr'>qui</span> <span class='ocrx_word' id='word_1_17' title='bbox 2497 899 2850 963; x_wconf 83' lang='lat' dir='ltr'>exercebat</span> <span class='ocrx_word' id='word_1_18' title='bbox 2897 898 2967 962; x_wconf 89' lang='lat' dir='ltr'>in</span> 
     </span>
     <span class='ocr_line' id='line_1_4' title="bbox 777 1015 2971 1098; baseline 0 -17"><span class='ocrx_word' id='word_1_19' title='bbox 777 1016 956 1081; x_wconf 89' lang='lat' dir='ltr'>Urbe</span> <span class='ocrx_word' id='word_1_20' title='bbox 1024 1015 1466 1097; x_wconf 77' lang='lat' dir='ltr'>latrocinium,</span> <span class='ocrx_word' id='word_1_21' title='bbox 1540 1034 1668 1098; x_wconf 89' lang='lat' dir='ltr'>quo</span> <span class='ocrx_word' id='word_1_22' title='bbox 1737 1018 2056 1084; x_wconf 90' lang='lat' dir='ltr'>damnato</span> <span class='ocrx_word' id='word_1_23' title='bbox 2123 1036 2432 1084; x_wconf 80' lang='lat' dir='ltr'>censores</span> <span class='ocrx_word' id='word_1_24' title='bbox 2501 1017 2834 1083; x_wconf 86' lang='lat' dir='ltr'>Aemilius</span> <span class='ocrx_word' id='word_1_25' title='bbox 2901 1020 2971 1081; x_wconf 91' lang='lat' dir='ltr'>et</span> 
     </span>
     <span class='ocr_line' id='line_1_5' title="bbox 777 1137 2968 1214; baseline 0 -11"><span class='ocrx_word' id='word_1_26' title='bbox 777 1137 1054 1204; x_wconf 84' lang='lat' dir='ltr'>Fulvius</span> <span class='ocrx_word' id='word_1_27' title='bbox 1094 1142 1502 1214; x_wconf 88' lang='lat' dir='ltr'>statuerunt,</span> <span class='ocrx_word' id='word_1_28' title='bbox 1545 1144 1623 1204; x_wconf 90' lang='lat' dir='ltr'>ut</span> <span class='ocrx_word' id='word_1_29' title='bbox 1659 1140 1729 1203; x_wconf 92' lang='lat' dir='ltr'>in</span> <span class='ocrx_word' id='word_1_30' title='bbox 1767 1141 1960 1205; x_wconf 91' lang='lat' dir='ltr'>domo</span> <span class='ocrx_word' id='word_1_31' title='bbox 1985 1141 2128 1205; x_wconf 90' lang='lat' dir='ltr'>eius</span> <span class='ocrx_word' id='word_1_32' title='bbox 2152 1141 2424 1206; x_wconf 89' lang='lat' dir='ltr'>obsonia</span> <span class='ocrx_word' id='word_1_33' title='bbox 2449 1139 2968 1205; x_wconf 85' lang='lat' dir='ltr'>venderentur&#39;’.</span> 
     </span>
    </p>
   </div>
   <div class='ocr_carea' id='block_1_3' title="bbox 774 1259 3069 1342">
    <p class='ocr_par' dir='ltr' id='par_1_3' title="bbox 774 1259 3069 1342">
     <span class='ocr_line' id='line_1_6' title="bbox 774 1259 3069 1342; baseline 0.001 -17"><span class='ocrx_word' id='word_1_34' title='bbox 774 1260 1071 1326; x_wconf 83' lang='lat' dir='ltr'>Eandem</span> <span class='ocrx_word' id='word_1_35' title='bbox 1129 1259 1457 1326; x_wconf 90' lang='lat' dir='ltr'>latrocinii</span> <span class='ocrx_word' id='word_1_36' title='bbox 1519 1261 1869 1327; x_wconf 80' lang='lat' dir='ltr'>historiam</span> <span class='ocrx_word' id='word_1_37' title='bbox 1931 1262 2234 1327; x_wconf 90' lang='lat' dir='ltr'>narravit</span> <span class='ocrx_word' id='word_1_38' title='bbox 2288 1262 2500 1327; x_wconf 86' lang='lat' dir='ltr'>Varro</span> <span class='ocrx_word' id='word_1_39' title='bbox 2547 1262 2615 1327; x_wconf 90' lang='lat' dir='ltr'>in</span> <span class='ocrx_word' id='word_1_40' title='bbox 2663 1260 2972 1342; x_wconf 85' lang='lat' dir='ltr'>Antiqui·</span> <span class='ocrx_word' id='word_1_41' title='bbox 3063 1321 3069 1328; x_wconf 88' lang='lat'><strong><em>.</em></strong></span> 
     </span>
    </p>
   </div>
   <div class='ocr_carea' id='block_1_4' title="bbox 766 1348 3053 4028">
    <p class='ocr_par' dir='ltr' id='par_1_4' title="bbox 768 1348 3053 3529">
     <span class='ocr_line' id='line_1_7' title="bbox 768 1348 2969 1455; baseline -0.001 -9"><span class='ocrx_word' id='word_1_42' title='bbox 768 1348 1033 1447; x_wconf 76' lang='lat' dir='ltr'>tatibus</span> <span class='ocrx_word' id='word_1_43' title='bbox 1078 1400 1301 1448; x_wconf 92' lang='lat' dir='ltr'>rerum</span> <span class='ocrx_word' id='word_1_44' title='bbox 1349 1384 1801 1448; x_wconf 89' lang='lat' dir='ltr'>humanarum</span> <span class='ocrx_word' id='word_1_45' title='bbox 1848 1386 2026 1448; x_wconf 91' lang='lat' dir='ltr'>teste</span> <span class='ocrx_word' id='word_1_46' title='bbox 2075 1380 2337 1447; x_wconf 88' lang='lat' dir='ltr'>Donato</span> <span class='ocrx_word' id='word_1_47' title='bbox 2381 1382 2464 1447; x_wconf 89' lang='lat' dir='ltr'>ad</span> <span class='ocrx_word' id='word_1_48' title='bbox 2516 1383 2660 1446; x_wconf 83' lang='lat' dir='ltr'>Ter.</span> <span class='ocrx_word' id='word_1_49' title='bbox 2710 1382 2879 1446; x_wconf 88' lang='lat' dir='ltr'>Eun.</span> <span class='ocrx_word' id='word_1_50' title='bbox 2908 1381 2969 1455; x_wconf 82' lang='lat'>2,</span> 
     </span>
     <span class='ocr_line' id='line_1_8' title="bbox 778 1500 2972 1587; baseline -0 -21"><span class='ocrx_word' id='word_1_51' title='bbox 778 1504 837 1583; x_wconf 82' lang='grc'>2,</span> <span class='ocrx_word' id='word_1_52' title='bbox 890 1504 1007 1568; x_wconf 85' lang='grc'>25;</span> <span class='ocrx_word' id='word_1_53' title='bbox 1063 1504 1301 1587; x_wconf 69' lang='lat' dir='ltr'>„Num</span> <span class='ocrx_word' id='word_1_54' title='bbox 1351 1504 1661 1585; x_wconf 78' lang='lat' dir='ltr'>Equitius</span> <span class='ocrx_word' id='word_1_55' title='bbox 1710 1504 1974 1585; x_wconf 83' lang='lat' dir='ltr'>Cuppes</span> <span class='ocrx_word' id='word_1_56' title='bbox 2021 1506 2091 1569; x_wconf 91' lang='lat' dir='ltr'>et</span> <span class='ocrx_word' id='word_1_57' title='bbox 2142 1504 2248 1567; x_wconf 89' lang='lat' dir='ltr'>M.’</span> <span class='ocrx_word' id='word_1_58' title='bbox 2300 1503 2612 1569; x_wconf 91' lang='lat' dir='ltr'>Macellus</span> <span class='ocrx_word' id='word_1_59' title='bbox 2651 1500 2972 1582; x_wconf 86' lang='lat' dir='ltr'>singulari</span> 
     </span>
     <span class='ocr_line' id='line_1_9' title="bbox 772 1621 2971 1692; baseline -0.001 -3"><span class='ocrx_word' id='word_1_60' title='bbox 772 1625 1113 1691; x_wconf 90' lang='lat' dir='ltr'>latrocinio</span> <span class='ocrx_word' id='word_1_61' title='bbox 1176 1625 1393 1691; x_wconf 90' lang='lat' dir='ltr'>multa</span> <span class='ocrx_word' id='word_1_62' title='bbox 1449 1626 1591 1692; x_wconf 89' lang='lat' dir='ltr'>loca</span> <span class='ocrx_word' id='word_1_63' title='bbox 1635 1626 2016 1691; x_wconf 89' lang='lat' dir='ltr'>habuerunt</span> <span class='ocrx_word' id='word_1_64' title='bbox 2061 1625 2329 1690; x_wconf 88' lang='lat' dir='ltr'>infesta.</span> <span class='ocrx_word' id='word_1_65' title='bbox 2406 1624 2530 1688; x_wconf 89' lang='lat' dir='ltr'>His</span> <span class='ocrx_word' id='word_1_66' title='bbox 2575 1624 2644 1688; x_wconf 92' lang='lat' dir='ltr'>in</span> <span class='ocrx_word' id='word_1_67' title='bbox 2693 1621 2971 1688; x_wconf 83' lang='lat' dir='ltr'>exilium</span> 
     </span>
     <span class='ocr_line' id='line_1_10' title="bbox 774 1746 2968 1839; baseline -0.002 -26"><span class='ocrx_word' id='word_1_68' title='bbox 774 1748 945 1813; x_wconf 89' lang='lat' dir='ltr'>actis</span> <span class='ocrx_word' id='word_1_69' title='bbox 992 1748 1325 1828; x_wconf 89' lang='lat' dir='ltr'>publicata</span> <span class='ocrx_word' id='word_1_70' title='bbox 1370 1752 1535 1813; x_wconf 86' lang='lat' dir='ltr'>sunt</span> <span class='ocrx_word' id='word_1_71' title='bbox 1576 1750 1746 1813; x_wconf 93' lang='lat' dir='ltr'>bona</span> <span class='ocrx_word' id='word_1_72' title='bbox 1784 1753 1855 1812; x_wconf 88' lang='lat' dir='ltr'>et</span> <span class='ocrx_word' id='word_1_73' title='bbox 1892 1748 2090 1813; x_wconf 91' lang='lat' dir='ltr'>aedes</span> <span class='ocrx_word' id='word_1_74' title='bbox 2126 1748 2243 1812; x_wconf 91' lang='lat' dir='ltr'>ubi</span> <span class='ocrx_word' id='word_1_75' title='bbox 2280 1746 2674 1839; x_wconf 85' lang='lat' dir='ltr'>habitabant</span> <span class='ocrx_word' id='word_1_76' title='bbox 2707 1746 2968 1810; x_wconf 89' lang='lat' dir='ltr'>dirutae</span> 
     </span>
     <span class='ocr_line' id='line_1_11' title="bbox 771 1867 2968 1950; baseline -0.001 -16"><span class='ocrx_word' id='word_1_77' title='bbox 771 1886 941 1950; x_wconf 91' lang='lat' dir='ltr'>eque</span> <span class='ocrx_word' id='word_1_78' title='bbox 984 1887 1064 1935; x_wconf 91' lang='lat' dir='ltr'>ea</span> <span class='ocrx_word' id='word_1_79' title='bbox 1108 1871 1385 1950; x_wconf 89' lang='lat' dir='ltr'>pecunia</span> <span class='ocrx_word' id='word_1_80' title='bbox 1432 1868 1645 1936; x_wconf 90' lang='lat' dir='ltr'>scalae</span> <span class='ocrx_word' id='word_1_81' title='bbox 1690 1871 1891 1935; x_wconf 86' lang='lat' dir='ltr'>deum</span> <span class='ocrx_word' id='word_1_82' title='bbox 1938 1870 2295 1935; x_wconf 80' lang='lat' dir='ltr'>Penatium</span> <span class='ocrx_word' id='word_1_83' title='bbox 2342 1867 2726 1934; x_wconf 88' lang='lat' dir='ltr'>aedificatae</span> <span class='ocrx_word' id='word_1_84' title='bbox 2765 1874 2968 1947; x_wconf 87' lang='lat' dir='ltr'>sunt;</span> 
     </span>
     <span class='ocr_line' id='line_1_12' title="bbox 772 1988 2967 2073; baseline -0.001 -18"><span class='ocrx_word' id='word_1_85' title='bbox 772 1990 887 2055; x_wconf 89' lang='lat' dir='ltr'>ubi</span> <span class='ocrx_word' id='word_1_86' title='bbox 946 1989 1345 2056; x_wconf 87' lang='lat' dir='ltr'>habitabant</span> <span class='ocrx_word' id='word_1_87' title='bbox 1374 1988 1445 2073; x_wconf 88' lang='lat'>¹),</span> <span class='ocrx_word' id='word_1_88' title='bbox 1505 1992 1690 2056; x_wconf 89' lang='lat' dir='ltr'>locus</span> <span class='ocrx_word' id='word_1_89' title='bbox 1753 1990 1867 2056; x_wconf 93' lang='lat' dir='ltr'>ubi</span> <span class='ocrx_word' id='word_1_90' title='bbox 1927 1991 2239 2056; x_wconf 84' lang='lat' dir='ltr'>venirent</span> <span class='ocrx_word' id='word_1_91' title='bbox 2301 2006 2380 2053; x_wconf 85' lang='lat' dir='ltr'>ea</span> <span class='ocrx_word' id='word_1_92' title='bbox 2431 2005 2603 2069; x_wconf 90' lang='lat' dir='ltr'>quae</span> <span class='ocrx_word' id='word_1_93' title='bbox 2653 1989 2967 2054; x_wconf 86' lang='lat' dir='ltr'>vescendi</span> 
     </span>
     <span class='ocr_line' id='line_1_13' title="bbox 772 2110 2966 2193; baseline -0.001 -16"><span class='ocrx_word' id='word_1_94' title='bbox 772 2129 973 2177; x_wconf 83' lang='lat' dir='ltr'>causa</span> <span class='ocrx_word' id='word_1_95' title='bbox 1018 2112 1086 2177; x_wconf 91' lang='lat' dir='ltr'>in</span> <span class='ocrx_word' id='word_1_96' title='bbox 1136 2113 1370 2177; x_wconf 88' lang='lat' dir='ltr'>urbem</span> <span class='ocrx_word' id='word_1_97' title='bbox 1415 2118 1611 2178; x_wconf 87' lang='lat' dir='ltr'>erant</span> <span class='ocrx_word' id='word_1_98' title='bbox 1656 2111 1878 2179; x_wconf 87' lang='lat' dir='ltr'>allata.</span> <span class='ocrx_word' id='word_1_99' title='bbox 1927 2113 2164 2193; x_wconf 91' lang='lat' dir='ltr'>Itaque</span> <span class='ocrx_word' id='word_1_100' title='bbox 2211 2112 2294 2177; x_wconf 88' lang='lat' dir='ltr'>ab</span> <span class='ocrx_word' id='word_1_101' title='bbox 2343 2112 2549 2176; x_wconf 89' lang='lat' dir='ltr'>altero</span> <span class='ocrx_word' id='word_1_102' title='bbox 2594 2110 2966 2185; x_wconf 85' lang='lat' dir='ltr'>Macellum,</span> 
     </span>
     <span class='ocr_line' id='line_1_14' title="bbox 771 2232 2967 2317; baseline -0.002 -18"><span class='ocrx_word' id='word_1_103' title='bbox 771 2235 856 2299; x_wconf 87' lang='lat' dir='ltr'>ab</span> <span class='ocrx_word' id='word_1_104' title='bbox 916 2234 1123 2299; x_wconf 89' lang='lat' dir='ltr'>altero</span> <span class='ocrx_word' id='word_1_105' title='bbox 1185 2233 1402 2299; x_wconf 90' lang='lat' dir='ltr'>forum</span> <span class='ocrx_word' id='word_1_106' title='bbox 1465 2234 1866 2317; x_wconf 84' lang='lat' dir='ltr'>Cuppedinis</span> <span class='ocrx_word' id='word_1_107' title='bbox 1924 2235 2334 2315; x_wconf 87' lang='lat' dir='ltr'>appellatum</span> <span class='ocrx_word' id='word_1_108' title='bbox 2395 2232 2566 2298; x_wconf 86' lang='lat' dir='ltr'>est”.</span> <span class='ocrx_word' id='word_1_109' title='bbox 2640 2232 2736 2297; x_wconf 89' lang='lat' dir='ltr'>Of.</span> <span class='ocrx_word' id='word_1_110' title='bbox 2785 2232 2967 2297; x_wconf 89' lang='lat' dir='ltr'>Fest.</span> 
     </span>
     <span class='ocr_line' id='line_1_15' title="bbox 773 2354 2968 2439; baseline 0 -21"><span class='ocrx_word' id='word_1_111' title='bbox 773 2373 834 2436; x_wconf 91' lang='lat' dir='ltr'>p.</span> <span class='ocrx_word' id='word_1_112' title='bbox 886 2355 1006 2419; x_wconf 87' lang='lat'>48:</span> <span class='ocrx_word' id='word_1_113' title='bbox 1079 2355 1380 2439; x_wconf 89' lang='lat' dir='ltr'>„Cuppes</span> <span class='ocrx_word' id='word_1_114' title='bbox 1439 2360 1509 2421; x_wconf 91' lang='lat' dir='ltr'>et</span> <span class='ocrx_word' id='word_1_115' title='bbox 1568 2356 1889 2438; x_wconf 90' lang='lat' dir='ltr'>cuppedia</span> <span class='ocrx_word' id='word_1_116' title='bbox 1948 2356 2208 2437; x_wconf 89' lang='lat' dir='ltr'>antiqui</span> <span class='ocrx_word' id='word_1_117' title='bbox 2270 2354 2587 2421; x_wconf 89' lang='lat' dir='ltr'>lautiores</span> <span class='ocrx_word' id='word_1_118' title='bbox 2631 2354 2814 2419; x_wconf 90' lang='lat' dir='ltr'>cibos</span> <span class='ocrx_word' id='word_1_119' title='bbox 2860 2370 2968 2418; x_wconf 90' lang='lat' dir='ltr'>no-</span> 
     </span>
     <span class='ocr_line' id='line_1_16' title="bbox 771 2476 2967 2559; baseline -0 -18"><span class='ocrx_word' id='word_1_120' title='bbox 771 2477 1155 2559; x_wconf 81' lang='lat' dir='ltr'>minabant3</span> <span class='ocrx_word' id='word_1_121' title='bbox 1204 2479 1357 2543; x_wconf 91' lang='lat' dir='ltr'>inde</span> <span class='ocrx_word' id='word_1_122' title='bbox 1403 2482 1473 2543; x_wconf 94' lang='lat' dir='ltr'>et</span> <span class='ocrx_word' id='word_1_123' title='bbox 1520 2479 1873 2545; x_wconf 91' lang='lat' dir='ltr'>macellum</span> <span class='ocrx_word' id='word_1_124' title='bbox 1920 2480 2138 2545; x_wconf 81' lang='lat' dir='ltr'>forum</span> <span class='ocrx_word' id='word_1_125' title='bbox 2160 2478 2504 2559; x_wconf 91' lang='lat' dir='ltr'>cupedinis</span> <span class='ocrx_word' id='word_1_126' title='bbox 2527 2476 2967 2558; x_wconf 88' lang='lat' dir='ltr'>appellabant.</span> 
     </span>
     <span class='ocr_line' id='line_1_17' title="bbox 772 2597 2968 2684; baseline -0.001 -20"><span class='ocrx_word' id='word_1_127' title='bbox 772 2597 1062 2681; x_wconf 86' lang='lat' dir='ltr'>Cupedia</span> <span class='ocrx_word' id='word_1_128' title='bbox 1122 2605 1353 2665; x_wconf 90' lang='lat' dir='ltr'>autem</span> <span class='ocrx_word' id='word_1_129' title='bbox 1400 2619 1441 2666; x_wconf 89' lang='lat' dir='ltr'>a</span> <span class='ocrx_word' id='word_1_130' title='bbox 1486 2600 1852 2682; x_wconf 87' lang='lat' dir='ltr'>cupiditate</span> <span class='ocrx_word' id='word_1_131' title='bbox 1901 2605 2062 2667; x_wconf 90' lang='lat' dir='ltr'>sunt</span> <span class='ocrx_word' id='word_1_132' title='bbox 2109 2601 2305 2684; x_wconf 87' lang='lat' dir='ltr'>dicta,</span> <span class='ocrx_word' id='word_1_133' title='bbox 2355 2600 2482 2676; x_wconf 88' lang='lat' dir='ltr'>vel,</span> <span class='ocrx_word' id='word_1_134' title='bbox 2529 2600 2708 2664; x_wconf 91' lang='lat' dir='ltr'>sicut</span> <span class='ocrx_word' id='word_1_135' title='bbox 2756 2598 2968 2663; x_wconf 87' lang='lat' dir='ltr'>Varro</span> 
     </span>
     <span class='ocr_line' id='line_1_18' title="bbox 770 2717 2968 2805; baseline -0.001 -19"><span class='ocrx_word' id='word_1_136' title='bbox 770 2721 886 2805; x_wconf 89' lang='lat' dir='ltr'>ait,</span> <span class='ocrx_word' id='word_1_137' title='bbox 935 2723 1107 2803; x_wconf 84' lang='lat' dir='ltr'>quod</span> <span class='ocrx_word' id='word_1_138' title='bbox 1154 2724 1246 2788; x_wconf 91' lang='lat' dir='ltr'>ibi</span> <span class='ocrx_word' id='word_1_139' title='bbox 1292 2723 1495 2788; x_wconf 87' lang='lat' dir='ltr'>fuerit</span> <span class='ocrx_word' id='word_1_140' title='bbox 1541 2724 1900 2805; x_wconf 86' lang='lat' dir='ltr'>Cupedinis</span> <span class='ocrx_word' id='word_1_141' title='bbox 1939 2723 2185 2803; x_wconf 89' lang='lat' dir='ltr'>equitis</span> <span class='ocrx_word' id='word_1_142' title='bbox 2203 2717 2255 2804; x_wconf 77' lang='lat'>²)</span> <span class='ocrx_word' id='word_1_143' title='bbox 2295 2723 2553 2796; x_wconf 87' lang='lat' dir='ltr'>domus,</span> <span class='ocrx_word' id='word_1_144' title='bbox 2591 2721 2708 2802; x_wconf 92' lang='lat' dir='ltr'>qui</span> <span class='ocrx_word' id='word_1_145' title='bbox 2748 2721 2968 2784; x_wconf 88' lang='lat' dir='ltr'>fuerat</span> 
     </span>
     <span class='ocr_line' id='line_1_19' title="bbox 770 2840 2967 2910; baseline -0.002 -2"><span class='ocrx_word' id='word_1_146' title='bbox 770 2843 852 2908; x_wconf 90' lang='lat' dir='ltr'>ob</span> <span class='ocrx_word' id='word_1_147' title='bbox 919 2840 1343 2910; x_wconf 89' lang='lat' dir='ltr'>latrocinium</span> <span class='ocrx_word' id='word_1_148' title='bbox 1412 2845 1838 2910; x_wconf 85' lang='lat' dir='ltr'>damnatus&#39;&#39;.</span> <span class='ocrx_word' id='word_1_149' title='bbox 1911 2844 2063 2909; x_wconf 90' lang='lat' dir='ltr'>Vid.</span> <span class='ocrx_word' id='word_1_150' title='bbox 2129 2844 2339 2909; x_wconf 88' lang='lat' dir='ltr'>etiam</span> <span class='ocrx_word' id='word_1_151' title='bbox 2400 2842 2584 2908; x_wconf 91' lang='lat' dir='ltr'>locus</span> <span class='ocrx_word' id='word_1_152' title='bbox 2645 2840 2967 2908; x_wconf 90' lang='lat' dir='ltr'>Varronis</span> 
     </span>
     <span class='ocr_line' id='line_1_20' title="bbox 772 2962 2966 3049; baseline -0.003 -20"><span class='ocrx_word' id='word_1_153' title='bbox 772 2982 973 3045; x_wconf 91' lang='lat' dir='ltr'>supra</span> <span class='ocrx_word' id='word_1_154' title='bbox 1038 2967 1310 3044; x_wconf 87' lang='lat' dir='ltr'>citatus,</span> <span class='ocrx_word' id='word_1_155' title='bbox 1372 2971 1573 3048; x_wconf 91' lang='lat' dir='ltr'>atque</span> <span class='ocrx_word' id='word_1_156' title='bbox 1634 2966 1811 3030; x_wconf 90' lang='lat' dir='ltr'>Plut.</span> <span class='ocrx_word' id='word_1_157' title='bbox 1875 2965 2145 3045; x_wconf 74' lang='lat' dir='ltr'>Quaest.</span> <span class='ocrx_word' id='word_1_158' title='bbox 2209 2965 2402 3030; x_wconf 87' lang='lat' dir='ltr'>Rom.</span> <span class='ocrx_word' id='word_1_159' title='bbox 2473 2963 2593 3028; x_wconf 85' lang='lat'>54:</span> <span class='ocrx_word' id='word_1_160' title='bbox 2663 2962 2966 3049; x_wconf 60' lang='grc' dir='ltr'>»λέγεται</span> 
     </span>
     <span class='ocr_line' id='line_1_21' title="bbox 768 3063 3053 3168; baseline -0.001 -19"><span class='ocrx_word' id='word_1_161' title='bbox 768 3086 895 3163; x_wconf 71' lang='grc' dir='ltr'>γὰρ</span> <span class='ocrx_word' id='word_1_162' title='bbox 954 3087 1027 3149; x_wconf 84' lang='grc' dir='ltr'><strong><em>·ε’ν</em></strong></span> <span class='ocrx_word' id='word_1_163' title='bbox 1101 3089 1301 3168; x_wconf 68' lang='grc' dir='ltr'>Ῥώμῃ</span> <span class='ocrx_word' id='word_1_164' title='bbox 1371 3087 1575 3164; x_wconf 72' lang='grc' dir='ltr'><strong><em>βίαιον</em></strong></span> <span class='ocrx_word' id='word_1_165' title='bbox 1646 3085 1832 3165; x_wconf 74' lang='grc' dir='ltr'><strong><em>ἄνδρα</em></strong></span> <span class='ocrx_word' id='word_1_166' title='bbox 1906 3086 2008 3149; x_wconf 71' lang='grc' dir='ltr'>καὶ</span> <span class='ocrx_word' id='word_1_167' title='bbox 2081 3084 2396 3165; x_wconf 65' lang='grc' dir='ltr'><strong><em>λῃστρικὸν</em></strong></span> <span class='ocrx_word' id='word_1_168' title='bbox 2467 3063 2794 3161; x_wconf 70' lang='grc' dir='ltr'><strong><em>γενόμενον</em></strong></span> <span class='ocrx_word' id='word_1_169' title='bbox 2860 3083 2963 3146; x_wconf 72' lang='grc' dir='ltr'>καὶ</span> <span class='ocrx_word' id='word_1_170' title='bbox 3047 3143 3053 3146; x_wconf 85' lang='grc'>.</span> 
     </span>
     <span class='ocr_line' id='line_1_22' title="bbox 770 3204 2965 3289; baseline 0 -21"><span class='ocrx_word' id='word_1_171' title='bbox 770 3205 1197 3286; x_wconf 71' lang='grc' dir='ltr'>περικόψαντα</span> <span class='ocrx_word' id='word_1_172' title='bbox 1264 3208 1551 3285; x_wconf 75' lang='grc' dir='ltr'>πολλοὺς,</span> <span class='ocrx_word' id='word_1_173' title='bbox 1614 3209 1952 3273; x_wconf 69' lang='grc' dir='ltr'><strong><em>Μάκελλον</em></strong></span> <span class='ocrx_word' id='word_1_174' title='bbox 2010 3208 2296 3289; x_wconf 70' lang='grc' dir='ltr'><strong><em>τοῦνομα,</em></strong></span> <span class='ocrx_word' id='word_1_175' title='bbox 2347 3205 2531 3283; x_wconf 72' lang='grc' dir='ltr'><em>μόγις</em></span> <span class='ocrx_word' id='word_1_176' title='bbox 2581 3205 2810 3270; x_wconf 70' lang='grc' dir='ltr'><strong><em>ἁλῶναι</em></strong></span> <span class='ocrx_word' id='word_1_177' title='bbox 2860 3204 2965 3268; x_wconf 73' lang='grc' dir='ltr'>καὶ</span> 
     </span>
     <span class='ocr_line' id='line_1_23' title="bbox 772 3327 2964 3410; baseline -0.001 -20"><span class='ocrx_word' id='word_1_178' title='bbox 772 3329 1179 3407; x_wconf 69' lang='grc' dir='ltr'>κολασθῆναι,“</span> <span class='ocrx_word' id='word_1_179' title='bbox 1220 3331 1286 3393; x_wconf 81' lang='grc' dir='ltr'>ἐκ</span> <span class='ocrx_word' id='word_1_180' title='bbox 1328 3329 1387 3394; x_wconf 75' lang='grc' dir='ltr'>δὲ</span> <span class='ocrx_word' id='word_1_181' title='bbox 1428 3337 1543 3394; x_wconf 77' lang='grc' dir='ltr'>τῶν</span> <span class='ocrx_word' id='word_1_182' title='bbox 1582 3330 1923 3410; x_wconf 70' lang='grc' dir='ltr'>χρημάτων</span> <span class='ocrx_word' id='word_1_183' title='bbox 1960 3331 2153 3394; x_wconf 69' lang='grc' dir='ltr'><strong><em>αὐτοῦ</em></strong></span> <span class='ocrx_word' id='word_1_184' title='bbox 2188 3328 2468 3405; x_wconf 71' lang='grc' dir='ltr'>δημόσιον</span> <span class='ocrx_word' id='word_1_185' title='bbox 2509 3327 2964 3403; x_wconf 74' lang='grc' dir='ltr'><strong><em>οἰκοδομηθῆναι</em></strong></span> 
     </span>
     <span class='ocr_line' id='line_1_24' title="bbox 771 3451 2663 3529; baseline 0.001 -17"><span class='ocrx_word' id='word_1_186' title='bbox 771 3451 1125 3527; x_wconf 74' lang='grc' dir='ltr'><strong><em>κρεοπώλιον</em></strong></span> <span class='ocrx_word' id='word_1_187' title='bbox 1173 3452 1287 3514; x_wconf 68' lang='grc' dir='ltr'>ἀπ’</span> <span class='ocrx_word' id='word_1_188' title='bbox 1335 3451 1557 3516; x_wconf 72' lang='grc' dir='ltr'><strong><em>ἐκείνου</em></strong></span> <span class='ocrx_word' id='word_1_189' title='bbox 1606 3452 1990 3528; x_wconf 71' lang='grc' dir='ltr'><strong><em>κτησάμενον</em></strong></span> <span class='ocrx_word' id='word_1_190' title='bbox 2037 3453 2144 3523; x_wconf 68' lang='grc' dir='ltr'>τὴν</span> <span class='ocrx_word' id='word_1_191' title='bbox 2194 3451 2663 3529; x_wconf 70' lang='grc' dir='ltr'><strong><em>προσηγορίαν”.</em></strong></span> 
     </span>
    </p>

    <p class='ocr_par' dir='ltr' id='par_1_5' title="bbox 766 3571 2966 4028">
     <span class='ocr_line' id='line_1_25' title="bbox 859 3571 2961 3654; baseline 0 -19"><span class='ocrx_word' id='word_1_192' title='bbox 859 3571 977 3636; x_wconf 92' lang='lat' dir='ltr'>Illa</span> <span class='ocrx_word' id='word_1_193' title='bbox 1021 3571 1301 3638; x_wconf 88' lang='lat' dir='ltr'>historia</span> <span class='ocrx_word' id='word_1_194' title='bbox 1348 3573 1426 3638; x_wconf 97' lang='lat' dir='ltr'>de</span> <span class='ocrx_word' id='word_1_195' title='bbox 1472 3573 1739 3639; x_wconf 87' lang='lat' dir='ltr'>Macello</span> <span class='ocrx_word' id='word_1_196' title='bbox 1784 3578 1856 3639; x_wconf 91' lang='lat' dir='ltr'>et</span> <span class='ocrx_word' id='word_1_197' title='bbox 1902 3572 2211 3654; x_wconf 86' lang='lat' dir='ltr'>Cuppede</span> <span class='ocrx_word' id='word_1_198' title='bbox 2250 3573 2357 3639; x_wconf 85' lang='lat' dir='ltr'>vel</span> <span class='ocrx_word' id='word_1_199' title='bbox 2395 3571 2777 3653; x_wconf 80' lang='lat' dir='ltr'>cuppedine</span> <span class='ocrx_word' id='word_1_200' title='bbox 2800 3571 2961 3652; x_wconf 92' lang='lat' dir='ltr'>quin</span> 
     </span>
     <span class='ocr_line' id='line_1_26' title="bbox 766 3692 2966 3782; baseline -0 -24"><span class='ocrx_word' id='word_1_201' title='bbox 766 3693 851 3758; x_wconf 84' lang='lat' dir='ltr'>ab</span> <span class='ocrx_word' id='word_1_202' title='bbox 898 3692 1295 3776; x_wconf 86' lang='lat' dir='ltr'>etymologis</span> <span class='ocrx_word' id='word_1_203' title='bbox 1340 3695 1499 3760; x_wconf 90' lang='lat' dir='ltr'>ficta</span> <span class='ocrx_word' id='word_1_204' title='bbox 1545 3696 1638 3761; x_wconf 92' lang='lat' dir='ltr'>sit</span> <span class='ocrx_word' id='word_1_205' title='bbox 1680 3696 1766 3760; x_wconf 90' lang='lat' dir='ltr'>ad</span> <span class='ocrx_word' id='word_1_206' title='bbox 1810 3695 2199 3782; x_wconf 86' lang='lat' dir='ltr'>explicanda</span> <span class='ocrx_word' id='word_1_207' title='bbox 2245 3694 2518 3758; x_wconf 83' lang='lat' dir='ltr'>nomina</span> <span class='ocrx_word' id='word_1_208' title='bbox 2564 3692 2824 3758; x_wconf 88' lang='lat' dir='ltr'>macelli</span> <span class='ocrx_word' id='word_1_209' title='bbox 2867 3696 2966 3758; x_wconf 90' lang='lat' dir='ltr'>at-</span> 
     </span>
     <span class='ocr_line' id='line_1_27' title="bbox 767 3814 2965 3900; baseline 0 -21"><span class='ocrx_word' id='word_1_210' title='bbox 767 3830 895 3895; x_wconf 91' lang='lat' dir='ltr'>que</span> <span class='ocrx_word' id='word_1_211' title='bbox 950 3814 1070 3879; x_wconf 91' lang='lat' dir='ltr'>fori</span> <span class='ocrx_word' id='word_1_212' title='bbox 1119 3817 1603 3900; x_wconf 51' lang='lat' dir='ltr'>cuppedinarii„</span> <span class='ocrx_word' id='word_1_213' title='bbox 1637 3817 1815 3883; x_wconf 90' lang='lat' dir='ltr'>haud</span> <span class='ocrx_word' id='word_1_214' title='bbox 1861 3817 2140 3881; x_wconf 93' lang='lat' dir='ltr'>dubium</span> <span class='ocrx_word' id='word_1_215' title='bbox 2187 3815 2351 3881; x_wconf 91' lang='lat' dir='ltr'>mihi</span> <span class='ocrx_word' id='word_1_216' title='bbox 2401 3816 2701 3896; x_wconf 88' lang='lat' dir='ltr'>videtur;</span> <span class='ocrx_word' id='word_1_217' title='bbox 2750 3831 2965 3895; x_wconf 91' lang='lat' dir='ltr'>neque</span> 
     </span>
     <span class='ocr_line' id='line_1_28' title="bbox 767 3934 2964 4028; baseline 0 -29"><span class='ocrx_word' id='word_1_218' title='bbox 767 3935 1095 4015; x_wconf 86' lang='lat' dir='ltr'>intellego,</span> <span class='ocrx_word' id='word_1_219' title='bbox 1155 3939 1483 4018; x_wconf 91' lang='lat' dir='ltr'>quomodo</span> <span class='ocrx_word' id='word_1_220' title='bbox 1541 3940 1580 4005; x_wconf 85' lang='lat' dir='ltr'><strong>J</strong></span> <span class='ocrx_word' id='word_1_221' title='bbox 1583 3956 1810 4004; x_wconf 70' lang='lat' dir='ltr'>eamn</span> <span class='ocrx_word' id='word_1_222' title='bbox 1853 3941 1923 4004; x_wconf 88' lang='lat' dir='ltr'>et</span> <span class='ocrx_word' id='word_1_223' title='bbox 1972 3938 2289 4028; x_wconf 62' lang='lat' dir='ltr'>Quanam,</span> <span class='ocrx_word' id='word_1_224' title='bbox 2337 3936 2653 4018; x_wconf 86' lang='lat' dir='ltr'>quamvis</span> <span class='ocrx_word' id='word_1_225' title='bbox 2698 3934 2810 4000; x_wconf 89' lang='lat' dir='ltr'>illa</span> <span class='ocrx_word' id='word_1_226' title='bbox 2855 3952 2964 4000; x_wconf 92' lang='lat' dir='ltr'>no-</span> 
     </span>
    </p>
   </div>
   <div class='ocr_carea' id='block_1_5' title="bbox 770 4129 1013 4138">
    <p class='ocr_par' dir='ltr' id='par_1_6' title="bbox 770 4129 1013 4138">
     <span class='ocr_line' id='line_1_29' title="bbox 770 4129 1013 4138; baseline 0 1212"><span class='ocrx_word' id='word_1_227' title='bbox 770 4129 1013 4138; x_wconf 95' lang='lat' dir='ltr'> </span> 
     </span>
    </p>
   </div>
   <div class='ocr_carea' id='block_1_6' title="bbox 1014 4131 1160 4140">
    <p class='ocr_par' dir='ltr' id='par_1_7' title="bbox 1014 4131 1160 4140">
     <span class='ocr_line' id='line_1_30' title="bbox 1014 4131 1160 4140; baseline 0.014 -2"><span class='ocrx_word' id='word_1_228' title='bbox 1014 4131 1160 4140; x_wconf 78' lang='lat'>——</span> 
     </span>
    </p>
   </div>
   <div class='ocr_carea' id='block_1_7' title="bbox 766 4246 2967 4495">
    <p class='ocr_par' dir='ltr' id='par_1_8' title="bbox 766 4246 2967 4495">
     <span class='ocr_line' id='line_1_31' title="bbox 838 4246 2967 4321; baseline -0.002 -15"><span class='ocrx_word' id='word_1_229' title='bbox 838 4253 897 4320; x_wconf 87' lang='lat'>1)</span> <span class='ocrx_word' id='word_1_230' title='bbox 950 4251 1203 4306; x_wconf 71' lang='lat' dir='ltr'>Unmcns</span> <span class='ocrx_word' id='word_1_231' title='bbox 1251 4251 1391 4306; x_wconf 85' lang='lat' dir='ltr'>delet</span> <span class='ocrx_word' id='word_1_232' title='bbox 1437 4254 1522 4306; x_wconf 79' lang='lat' dir='ltr'>ubi</span> <span class='ocrx_word' id='word_1_233' title='bbox 1564 4254 1863 4307; x_wconf 76' lang='lat' dir='ltr'>habitabant</span> <span class='ocrx_word' id='word_1_234' title='bbox 1906 4255 1967 4306; x_wconf 87' lang='lat' dir='ltr'>ut</span> <span class='ocrx_word' id='word_1_235' title='bbox 2013 4248 2448 4321; x_wconf 73' lang='lat' dir='ltr'>dittographiam3</span> <span class='ocrx_word' id='word_1_236' title='bbox 2499 4248 2534 4303; x_wconf 87' lang='lat' dir='ltr'><strong>J</strong></span> <span class='ocrx_word' id='word_1_237' title='bbox 2535 4263 2730 4302; x_wconf 69' lang='lat' dir='ltr'>onum</span> <span class='ocrx_word' id='word_1_238' title='bbox 2784 4246 2967 4302; x_wconf 77' lang='lat' dir='ltr'>inserit</span> 
     </span>
     <span class='ocr_line' id='line_1_32' title="bbox 766 4337 2259 4410; baseline -0.001 -18"><span class='ocrx_word' id='word_1_239' title='bbox 766 4339 1101 4409; x_wconf 61' lang='lat' dir='ltr'>adfictum,-</span> <span class='ocrx_word' id='word_1_240' title='bbox 1135 4343 1192 4396; x_wconf 62' lang='grc' dir='ltr'>ατ</span> <span class='ocrx_word' id='word_1_241' title='bbox 1228 4338 1326 4394; x_wconf 90' lang='lat' dir='ltr'>hoc</span> <span class='ocrx_word' id='word_1_242' title='bbox 1360 4339 1556 4409; x_wconf 88' lang='lat' dir='ltr'>optime</span> <span class='ocrx_word' id='word_1_243' title='bbox 1591 4343 1768 4394; x_wconf 79' lang='lat' dir='ltr'>mente</span> <span class='ocrx_word' id='word_1_244' title='bbox 1802 4337 2032 4410; x_wconf 83' lang='lat' dir='ltr'>suppleri</span> <span class='ocrx_word' id='word_1_245' title='bbox 2069 4339 2259 4408; x_wconf 76' lang='lat' dir='ltr'>potest.</span> 
     </span>
     <span class='ocr_line' id='line_1_33' title="bbox 838 4423 1609 4495; baseline -0.003 -15"><span class='ocrx_word' id='word_1_246' title='bbox 838 4426 897 4494; x_wconf 72' lang='lat'>2)</span> <span class='ocrx_word' id='word_1_247' title='bbox 930 4423 965 4477; x_wconf 84' lang='lat' dir='ltr'>J</span> <span class='ocrx_word' id='word_1_248' title='bbox 968 4439 1163 4478; x_wconf 66' lang='lat' dir='ltr'>eumn</span> <span class='ocrx_word' id='word_1_249' title='bbox 1199 4424 1381 4480; x_wconf 73' lang='lat' dir='ltr'>scribit</span> <span class='ocrx_word' id='word_1_250' title='bbox 1420 4424 1609 4495; x_wconf 72' lang='lat' dir='ltr'>Equiti.</span> 
     </span>
    </p>
   </div>
  </div>
 </body>
</html>
