3450 5350
1359 1479 1734 1563 CAPUT
1801 1482 1869 1563 Ι.

1056 1949 1158 2016 De
1200 1950 1643 2018 Curculionis
1680 1951 1863 2017 Actu
1910 1951 2164 2034 primo.

606 2137 705 2185 vs.
763 2122 844 2185 12
893 2140 988 2204 sq.
1758 2163 1765 2168 -

516 2240 709 2306 PAL.
752 2242 927 2308 Nam
951 2260 1081 2324 quo
1106 2248 1174 2308 te
1197 2244 1412 2310 dicam
1437 2261 1555 2325 ego
1578 2243 1673 2309 ire
1689 2245 1724 2308 *Ρ
1748 2243 2049 2308 PHAED
2075 2241 2141 2327 ¹).
2168 2242 2238 2308 Si
2264 2245 2338 2306 tu
2364 2260 2474 2308 me
2498 2258 2707 2322 rogeS,

517 2362 747 2428 Dicam
796 2368 874 2429 ut
922 2366 1111 2431 scias.
1167 2366 1360 2431 PAL.
1411 2366 1480 2431 Si
1527 2365 1827 2448 rogitem,
1878 2366 2034 2446 quid
2080 2364 2533 2446 respondeas?

609 2484 726 2549 Vs.
782 2486 862 2548 12
906 2486 1298 2552 Phaedromi
1340 2504 1622 2570 persona
1659 2487 1889 2553 addita
1925 2491 2033 2551 est
2097 2487 2164 2550 in
2227 2486 2367 2551 cod.
2410 2486 2465 2549 B
2484 2502 2711 2556 ‘manu

517 2604 747 2681 altera,
797 2605 962 2671 item
1007 2625 1207 2673 versu
1259 2609 1569 2691 sequenti
1607 2609 1925 2685 Palinuri,
1964 2625 2167 2691 quam
2196 2585 2541 2672 'rationem
2580 2623 2713 2672 om·

518 2726 736 2807 nibus,
779 2730 1166 2796 recentioris
1205 2736 1385 2798 certe
1422 2733 1687 2812 aet-atiS‚
1730 2732 2094 2797 editoribus
2133 2730 2393 2811 probari
2417 2729 2711 2795 maxime

517 2848 740 2913 miror.
805 2849 971 2930 Quid
1034 2853 1268 2917 enim?
1329 2855 1545 2933 Rogat
1599 2853 1986 2918 Palinurus:
2044 2870 2209 2937 „quo
2257 2852 2333 2916 tu
2382 2851 2537 2915 is?''
2588 2850 2711 2931 Qui

517 2985 697 3032 nunc
758 2969 1212 3037 Phaedromus
1273 2977 1620 3053 rogantem
1684 2975 1936 3039 verbis:
2010 2974 2108 3058 „si
2169 2970 2401 3052 roges'’
2471 2972 2713 3052 alloqui

516 3090 788 3167 potest?
849 3092 936 3155 Et
999 3095 1324 3174 quomodo
1379 3096 1615 3159 deinde
1685 3095 2039 3159 Palinurus
2100 3093 2349 3157 dicere:
2406 3093 2503 3177 „si
2550 3092 2714 3173 rogi-

513 3212 751 3275 tem”?
813 3213 972 3277 Mihi
1033 3216 1301 3295 quidem
1361 3216 1920 3281 absurdissimum
1974 3215 2156 3279 istud
2206 3215 2488 3279 videtur.
2538 3212 2714 3279 Sana

514 3333 789 3398 exsistit
834 3336 1191 3418 sententia,
1241 3336 1298 3400 si
1337 3337 1579 3402 codicis
1620 3338 1673 3401 B
1713 3338 1996 3417 priorem
2038 3353 2315 3400 manum
2356 3338 2712 3416 sequentes

514 3457 738 3520 omnia
797 3456 1036 3522 damus
1099 3458 1425 3538 Palinum,
1491 3462 1570 3523 ut
1617 3460 1740 3523 hoc
1786 3459 1964 3523 dicat
2010 3458 2152 3523 ille:
2209 3472 2401 3541 „rogo
2446 3459 2533 3537 te,
2585 3473 2713 3537 quo

515 3580 589 3641 tu
639 3594 912 3644 censeas
961 3582 1030 3643 te
1077 3580 1190 3661 ire,
1240 3597 1410 3661 quae
1457 3584 1575 3645 tua
1617 3581 1706 3645 sit
1746 3580 2086 3645 sententia
2122 3579 2202 3642 de
2240 3579 2371 3643 fine
2410 3582 2481 3643 et
2523 3578 2712 3642 exitu

514 3700 810 3779 itineris;
874 3716 993 3779 ego
1037 3701 1116 3765 de
1162 3701 1287 3766 hac
1333 3718 1403 3766 re
1451 3718 1669 3766 meam
1720 3701 1885 3766 mihi
1934 3701 2142 3766 habeo
2190 3698 2603 3780 opinionem:
2653 3699 2712 3763 si

583 3928 640 3995 1)
676 3926 803 3980 Non
836 3924 1028 3980 iniuria
1062 3925 1254 3981 Borma
1293 3924 1518 3980 offensus
1555 3944 1668 3980 esse
1704 3925 1916 3980 videtur
1957 3924 2168 3979 nomine
2206 3920 2538 3987 Phaedromi,
2575 3918 2717 3991 quod.

512 4028 706 4065 nomen
740 4011 953 4065 omnino
987 4030 1143 4065 sensu
1180 4029 1379 4066 cassum
1419 4015 1514 4065 est.
1553 4011 1752 4065 Tamen
1789 4028 1987 4077 vereor,
2025 4014 2085 4065 ut
2124 4008 2266 4082 quod
2302 4008 2414 4079 ipse
2446 3998 2720 4078 proposuit

513 4097 866 4168 recipiendum
918 4097 1001 4153 sit.
1052 4096 1233 4154 Voluit
1277 4098 1416 4153 enim
1457 4099 1630 4153 iuveni
1668 4117 1858 4152 nomen
1893 4098 2019 4151 dare
2057 4095 2363 4150 Phaedimo.
2404 4092 2552 4158 Quod
2594 4090 2717 4144 licet

517 4186 775 4239 Graecum
823 4183 892 4239 sit
939 4202 1130 4240 nomen
1178 4185 1303 4241 satis
1344 4184 1729 4257 pervulgatum,
1770 4191 1943 4240 tamen
1980 4202 2087 4239 non
2122 4186 2303 4254 aptum
2342 4180 2473 4235 mihi
2511 4178 2719 4232 videtur

511 4276 695 4333 nostro
766 4270 961 4324 iuveni.
1033 4269 1175 4339 Quid
1248 4270 1293 4326 si
1364 4270 1414 4325 ei
1466 4289 1654 4325 nomen
1709 4271 1991 4326 tribuimus
2047 4274 2289 4336 Φαιδρόνῳ
2344 4263 2719 4335 (nominativus

517 4358 864 4429 Φαιδρόνους>Ρ
914 4358 1030 4411 Ηοο
1077 4374 1267 4410 nomen
1317 4356 1581 4428 aptissime
1617 4362 1672 4411 et
1706 4357 1919 4412 omnino
1959 4356 2185 4411 indolem
2226 4352 2424 4409 iuvenis
2459 4350 2721 4407 illustrare

516 4446 741 4501 arbitror
777 4448 832 4501 et
863 4462 986 4516 prae
1020 4443 1207 4499 ceteris
1243 4443 1461 4513 pudicos
1499 4442 1609 4498 eius
1646 4442 1899 4498 adversus
1938 4443 2161 4513 puellam
2202 4457 2389 4495 mores.
