3450 5350
1805 600 1932 665 102

858 779 1042 861 Quod
1104 796 1344 845 scaena
1388 784 1619 848 nostra
1665 783 1738 847 in
1784 786 1931 849 tota
1973 781 2243 865 palliata
2289 784 2488 849 unica
2534 783 2788 856 exstat,
2837 796 2976 844 non

767 903 875 965 est
912 899 1148 967 idonea
1189 917 1408 984 causa,
1437 920 1555 969 cur
1584 904 2037 986 interpolatori
2081 906 2306 985 potius
2337 921 2539 986 quam
2573 903 2703 984 ipsi
2734 904 2975 983 poetae

768 1037 919 1087 eam
978 1023 1375 1107 tribuamu8‚
1434 1028 1636 1105 atque
1684 1025 1856 1107 quod
1905 1026 2132 1090 minus
2177 1029 2285 1091 est
2329 1026 2548 1091 faceta
2592 1041 2798 1105 quam
2845 1022 2975 1103 ple·
3049 1008 3056 1014 ’

769 1160 973 1224 raque
1021 1144 1263 1228 Plauti,
1315 1146 1517 1211 tribui
1556 1150 1782 1227 potest
1820 1148 2159 1213 materiae.
2200 1148 2406 1213 Poeta
2443 1144 2737 1225 fingendi
2776 1143 2980 1209 facul-

769 1264 922 1340 tati,
968 1282 1100 1347 qua
1145 1266 1449 1347 pollebat,
1499 1265 1838 1347 indulgere
1883 1285 2015 1332 non
2063 1269 2319 1349 potuit3
2369 1271 2586 1333 certos
2634 1266 2764 1331 sibi
2802 1264 2978 1328 fines

770 1389 1143 1453 statuerat:
1205 1388 1425 1453 forum
1474 1387 1781 1470 locosque
1830 1389 2086 1454 vicinos
2133 1389 2500 1455 describere
2545 1388 2619 1453 in
2664 1387 2980 1453 animum

770 1507 1128 1574 induxerat
1141 1527 1162 1589 ·;
1227 1511 1369 1575 veri
1429 1510 1634 1589 igitur
1693 1528 1918 1576 rerum
1965 1514 2188 1576 status
2237 1511 2407 1576 ratio
2453 1514 2601 1575 erat
2646 1507 2978 1573 habenda.

773 1627 979 1695 Cuius
1040 1630 1135 1694 rei
1198 1631 1257 1695 si
1322 1648 1651 1697 memores
1698 1645 1962 1716 sumuS,'
2008 1633 2504 1699 concedendum
2551 1635 2658 1697 est
2704 1632 2980 1710 poetam

771 1750 1126 1815 materiam
1188 1754 1333 1816 tam
1394 1752 1693 1817 ieiunam
1740 1753 2174 1835 frigidamque
2221 1754 2392 1818 satis
2431 1752 2688 1818 -festive
2732 1750 2980 1815 tracta-

771 1870 972 1935 visse.
1035 1870 1487 1938 Confirmatur
1550 1874 1892 1939 sententia
1952 1873 2032 1939 de
2078 1873 2316 1939 Plauto
2364 1889 2644 1938 scaenae
2695 1870 2981 1935 huiusce

771 1995 970 2071 poeta
1027 1993 1151 2057 hac
1211 2011 1302 2069 re,
1367 1995 1540 2074 quod
1587 2012 1721 2059 vox
1749 1994 2132 2072 ἁλοφάντης
2179 2012 2264 2060 ex
2311 1995 2562 2061 Graeco
2607 1991 2980 2073 exemplari

771 2116 1038 2195 recepta
1098 2130 1247 2181 esse
1306 2116 1473 2181 mihi
1531 2117 1800 2183 videtur
1813 2140 1828 2198 ;
1893 2118 2066 2199 quod
2128 2118 2187 2182 si
2246 2117 2346 2182 ita
2403 2119 2530 2193 est,
2596 2116 2668 2180 in
2721 2115 2978 2180 Graeco

772 2237 1139 2317 exemplari
1181 2238 1659 2304 eiusdemmodi
1704 2257 1943 2305 scaena
1988 2240 2322 2305 exstabat.

864 2356 991 2422 Sed
1038 2359 1247 2424 etiam
1293 2361 1482 2440 plura
1527 2361 1722 2426 affert
1769 2362 1808 2427 J
1811 2379 2053 2437 onom,
2101 2378 2268 2443 quae
2314 2361 2592 2441 probare
2637 2360 2699 2425 ei
2747 2358 2976 2425 viden·

774 2480 886 2543 tur
947 2496 1262 2545 scaenam
1325 2498 1476 2585 esse
1534 2483 1867 2562 spuriam:
1937 2484 2124 2568 „den,
2189 2482 2318 2547 wie
2379 2499 2452 2547 es
2514 2481 2797 2557 scheint‚
2857 2496 2980 2544 un·

773 2598 1262 2680 plautinischen
1328 2602 1674 2669 Gebrauch
1737 2605 1852 2669 des
1915 2604 2146 2670 Worts
2206 2606 2566 2669 ostentator
2626 2602 2774 2687 (15)
2834 2600 2978 2667 und

772 2723 878 2786 die
941 2723 1255 2804 Messung
1318 2725 1674 2790 Castori8”.
1739 2726 1871 2792 Cur
1929 2745 2132 2793 usum
2190 2727 2372 2792 vocis
2431 2727 2792 2790 ostentator
2839 2741 2979 2790 non

772 2829 1161 2910 Plautinum
1223 2846 1443 2927 ducat,
1508 2863 1719 2928 neque
1784 2849 1944 2913 dicit
2003 2866 2218 2929 neque
2279 2849 2408 2914 dici
2467 2865 2664 2930 posse
2718 2847 2977 2927 opinor.

774 2963 1001 3044 Neque
1071 2965 1385 3046 intelligo,
1456 2967 1780 3048 quomodo
1849 2968 2260 3048 paenultima
2327 2968 2614 3048 genitivi
2679 2968 2981 3033 Castoris

772 3084 1027 3166 syllaba
1094 3085 1415 3166 producta
1484 3088 1870 3168 scrupulum
1932 3089 2075 3154 viro
2137 3090 2328 3154 docto
2388 3089 2656 3155 iniicere
2717 3090 2976 3170 possit;

773 3223 934 3271 nam
994 3210 1065 3271 et
1126 3207 1338 3273 Varro
1382 3210 1453 3272 et
1499 3207 1873 3273 Martianus
1918 3209 2178 3290 Capella
2222 3212 2292 3274 et
2338 3209 2795 3290 Quintilianus
2843 3213 2979 3274 tes-

775 3330 1011 3392 tantur
1064 3330 1329 3392 veteres
1376 3328 1649 3393 nomina
1697 3329 1968 3404 Graeca,
2013 3345 2182 3410 quae
2228 3329 2686 3394 terminantur
2731 3329 2803 3394 in
2849 3346 2976 3411 -or,

772 3447 1137 3539 declinasse
1212 3451 1561 3529 tamquam
1624 3448 1682 3512 si
1750 3449 2021 3514 nomina
2068 3453 2298 3514 essent
2347 3451 2687 3516 Romana:
2761 3450 2982 3516 Varro

772 3567 848 3631 L.
896 3567 971 3632 L.
1018 3569 1112 3643 X,
1161 3570 1281 3635 70:
1358 3568 1700 3653 „dicebant
1769 3572 1849 3633 ut
1909 3573 2351 3649 quaestorem,
2412 3575 2812 3651 praetorem,
2880 3571 2982 3636 sic

772 3690 1153 3772 Hectorem,
1204 3689 1575 3755 Nestorem.
1623 3691 1856 3771 Itaque
1903 3693 2158 3757 Ennius
2200 3693 2330 3757 ait:
2379 3692 2686 3758 Hectoris
2729 3695 2978 3758 natam

773 3810 853 3876 de
911 3828 1109 3875 muro
1168 3812 1506 3876 iactarier.
1570 3811 1818 3876 Accius
1879 3813 2040 3878 haec
2098 3813 2169 3876 in
2225 3813 2584 3893 tragoediis
2629 3813 2886 3892 largius
2935 3831 2980 3880 a

772 3932 991 4012 prisca
1034 3931 1516 3996 consuetudine
1562 3948 1830 3996 movere
1877 3933 2112 4014 coepit,
2157 3937 2227 3998 et
2272 3933 2354 3999 ad
2403 3933 2654 3999 formas
2681 3934 2982 4000 Graecas

773 4053 1128 4118 verborum
1198 4051 1413 4132 magis
1474 4067 1800 4133 revocare,
1864 4068 1906 4116 a
1964 4070 2117 4134 quo·
2154 4053 2464 4120 Valerius
2529 4054 2662 4119 ait:
2727 4055 2982 4119 Accius

770 4173 1119 4238 Hectorem
1164 4175 1331 4238 nolet
1376 4172 1613 4253 facere,
1660 4172 1944 4239 Hectora
1989 4177 2250 4256 malet”;
2301 4176 2678 4241 Martianus
2709 4175 2982 4257 Capella

774 4296 891 4378 III,
966 4296 1130 4358 298:
1207 4294 1543 4377 „Castoris
1611 4296 1681 4358 et
1741 4293 2043 4360 Hectoris
2105 4297 2438 4375 genitivos
2499 4301 2771 4364 veteres
2833 4314 2982 4378 pro-

774 4416 1131 4498 duxerunt,
1204 4415 1320 4480 sed
1391 4432 1513 4480 nos
1582 4415 1992 4496 corripimUS,
2053 4419 2367 4499 quoniam
2430 4420 2669 4485 Graeci
2729 4421 2978 4486 horum
