3450 5350
1782 586 1932 672 Ι32

794 765 996 844 abire,
1059 778 1292 828 revera
1352 769 1582 828 autem
1647 765 1717 830 in
1770 771 2149 832 extremam
2196 783 2473 833 scaenae
2519 769 2780 848 partem
2828 783 2993 832 rece-

798 885 973 960 dere,
1022 884 1136 948 ubi
1192 901 1477 966 coquum
1524 887 1827 966 gestibus
1870 889 2148 954 ludibrio
2196 889 2455 970 habeat,
2507 887 2639 952 nisi
2687 886 2777 964 (id
2825 887 2996 967 quod

801 1005 1076 1070 minime
1122 1005 1574 1070 necessarium
1621 1006 1913 1085 videtur)
1963 1024 2254 1083 versum,
2305 1025 2435 1089 quo
2482 1023 2713 1072 secum
2758 1006 3005 1072 dixerit

800 1145 872 1193 se
935 1144 1066 1193 non
1129 1127 1472 1193 abiturum
1521 1145 1687 1211 esse,
1738 1129 2154 1195 intercidisse
2200 1129 2657 1211 accipiendum
2702 1130 2829 1192 est.
2879 1127 2999 1192 Pa-

796 1249 1060 1315 linurus
1107 1266 1336 1315 secum
1383 1249 1713 1330 loquitur:
1766 1252 1971 1336 „item
1997 1289 2081 1297 —
2108 1247 2596 1330 concorditer’';
2638 1265 2891 1330 coquus
2918 1248 3001 1313 ad

800 1371 1142 1435 lenonem:
1221 1370 1423 1455 „nihil
1485 1373 1593 1436 est
1656 1372 2039 1437 mirandum
2100 1390 2157 1437 e.
2222 1390 2282 1452 q.
2348 1371 2449 1436 s.'’
2513 1370 2802 1436 Versum
2871 1369 2999 1434 267

805 1495 1036 1558 autem
1075 1510 1316 1558 sanum
1357 1510 1487 1558 non
1527 1509 1677 1557 esse
1715 1509 2118 1574 persuasum
2157 1493 2320 1558 mihi
2360 1493 2587 1568 habeo,
2614 1510 2745 1558 non
2786 1491 3002 1559 solum

808 1617 1074 1695 propter
1118 1613 1381 1678 hiatum
1429 1617 1582 1694 post
1628 1615 1766 1690 tibi,
1794 1614 1909 1679 sed
1935 1615 2142 1680 etiam
2180 1615 2492 1696 quoniam
2532 1631 2665 1680 non
2706 1613 3002 1695 dispici0,

805 1752 934 1816 quo
1002 1732 1161 1797 illud
1224 1733 1688 1799 iusiurandum
1762 1739 2042 1816 spectet.
2116 1735 2398 1817 Saepius
2467 1737 2533 1800 in
2599 1737 2723 1800 hac
2783 1733 3004 1800 fabula

809 1859 1373 1920 commemoratur
1441 1855 1929 1937 iusiurandum,
2003 1857 2176 1938 quod
2245 1857 2495 1923 multas
2565 1856 2732 1920 viris
2792 1854 3006 1919 doctis

812 1977 1069 2058 peperit
1103 1976 1491 2066 ‘molestiam
1555 1979 1636 2041 de
1695 1995 1828 2059 qua
1889 1996 1960 2044 re
2022 1977 2195 2042 infra
2248 1977 2435 2058 plura
2480 1978 2851 2058 disputabo.
2901 1975 3007 2039 Ad

815 2100 1122 2162 nostrum
1183 2103 1415 2163 autem
1476 2098 1694 2163 locum
1741 2097 1900 2165 illud
1949 2099 2114 2164 nihil
2160 2099 2492 2181 pertinere
2538 2102 2715 2164 certo
2760 2096 3009 2162 certius

817 2219 981 2284 mihi
1043 2219 1326 2284 videtur.
1389 2218 1566 2284 Nam
1627 2237 2021 2302 quocunque
2073 2221 2266 2285 modo
2314 2237 2387 2285 se
2433 2218 2589 2284 illud
2638 2219 2839 2284 habet
2884 2218 3014 2283 ius-

818 2341 1198 2416 iurandum,
1263 2341 1344 2407 de
1403 2357 1530 2421 quo
1604 2339 2022 2406 dissentiunt
2094 2342 2221 2406 viri
2285 2341 2481 2415 docti,
2544 2343 2853 2420 potestne
2908 2339 3016 2404 hic

820 2462 1096 2542 cogitari
1158 2461 1237 2526 de
1296 2464 1478 2526 certo
1535 2461 1827 2542 quodam
1891 2462 2363 2528 iureiurando?
2413 2461 2651 2526 Nonne
2693 2461 3015 2542 Iuppiter,

820 2585 926 2650 cui
989 2585 1110 2650 deo
1170 2586 1395 2649 totum
1446 2584 1568 2650 hoc
1614 2589 1719 2648 est
1768 2585 2203 2649 commissum
2250 2583 2612 2663 negotium,
2661 2583 2731 2647 in
2780 2582 3019 2663 quovis

819 2706 1240 2772 iureiurando
1301 2706 1343 2769 i.
1399 2723 1454 2771 e.
1521 2707 1590 2770 in
1638 2706 1915 2772 iurando
1963 2706 2065 2771 vel
2116 2708 2174 2771 si
2220 2706 2318 2771 ita
2363 2723 2470 2771 res
2515 2706 2645 2770 fert
2691 2706 2757 2770 in
2808 2705 3016 2787 periu-

821 2828 1025 2893 rando
1107 2827 1493 2892 hominibus
1554 2828 1801 2893 auxilio
1870 2829 2027 2893 est?
2117 2828 2265 2892 Aut
2332 2828 2538 2906 igitur
2607 2806 3020 2891 desideratur

824 2952 895 3015 in
965 2949 1259 3015 iurando
1328 2951 1449 3013 aut
1511 2950 1586 3013 in
1641 2950 2081 3031 periurando.
2169 2950 2420 3014 Utrum
2481 2950 2587 3013 hic
2646 2948 3021 3027 eligendum

827 3073 936 3151 sit,
997 3073 1265 3151 propter
1327 3067 1584 3135 lenonis
1647 3072 1853 3135 verba
1915 3088 2153 3157 versus
2222 3070 2597 3151 sequentis:
2674 3069 2825 3154 „qui
2884 3088 3022 3153 per-

824 3190 1235 3258 iuraverint”
1285 3192 1562 3257 dubium
1611 3209 1759 3258 esse
1807 3193 2059 3275 nequit.
2116 3193 2360 3274 Quodsi
2409 3197 2751 3275 praeterea
2796 3192 3025 3257 hiatus

826 3318 980 3395 post
1070 3314 1188 3377 tibi
1276 3311 1662 3379 eliminandi
1758 3331 1963 3380 causa
2057 3317 2429 3395 pronomini
2521 3318 2638 3397 qui
2718 3316 3026 3382 addimus

830 3436 1116 3518 quidem,
1155 3435 1454 3517 optimus
1493 3436 1724 3500 evadit
1772 3454 2046 3501 versus:
2104 3438 2252 3518 „qui
2303 3438 2572 3518 quidem
2621 3438 2743 3501 tibi
2781 3436 3028 3502 auxilio

829 3559 899 3623 in
989 3555 1379 3639 periurando
1465 3556 1661 3631 fuit,''
1728 3560 1933 3637 atque
1994 3559 2350 3639 aptissima
2431 3559 2585 3623 huic
2667 3558 2805 3623 loco
2884 3575 3025 3623 sen·

829 3678 1067 3743 tentia.

921 3800 1100 3880 Quae
1158 3798 1216 3863 si
1261 3800 1440 3862 recte
1485 3797 2001 3879 disputavimus,
2051 3818 2179 3866 non
2228 3818 2384 3867 cum
2430 3800 2680 3866 Lnomo
2727 3804 3025 3885 statuen-

834 3922 996 3986 dum
1058 3925 1165 3986 est
1215 3938 1314 3985 vs.
1391 3918 1747 3986 265—269
1816 3940 1946 3987 non
2009 3924 2178 3987 satis
2239 3925 2407 3988 bene
2474 3940 2630 3989 cum
2702 3923 3029 4003 prioribus

833 4046 1179 4111 cohaerere
1226 4047 1428 4122 atque
1475 4057 1516 4104 a
1563 4039 1800 4106 Plauto
1844 4044 2139 4110 adiectos
2178 4061 2326 4110 esse
2366 4044 2641 4109 Atticis.
2684 4042 2815 4107 Cur
2851 4044 3032 4109 enim

834 4164 1253 4247 suspicemur
1312 4160 1458 4225 illos
1520 4177 1762 4227 versus
1814 4182 1945 4229 non
2002 4167 2174 4247 apud
2224 4166 2557 4232 Graecum
2612 4166 2875 4244 poetam
2924 4180 3033 4233 ex-

759 4292 780 4315 ⁹
832 4286 1144 4352 stitisse?
1210 4281 1450 4364 Quidni
1516 4282 1583 4345 in
1653 4281 1902 4350 Graeco
1965 4287 2325 4367 exemplari
2395 4304 2512 4368 pro
2584 4286 2659 4349 in
2725 4283 3037 4365 Capitolio

837 4410 1104 4472 exstare
1150 4405 1370 4485 potuit
1426 4402 1529 4488 „iv
1572 4405 1654 4482 τῷ
1705 4408 1808 4467 τοῦ
1860 4408 2004 4477 Διός
2056 4408 2283 4487 1ερῷ”ἳ
