3450 5350
1797 600 1928 665 160

763 768 1091 837 auxilium
1152 772 1327 839 ferat
1392 778 1523 853 (vs.
1591 777 1788 862 696);
1848 781 2072 861 potius
2133 780 2372 845 verba:
2433 780 2788 864 „quidquid
2837 784 2964 862 est,

766 890 909 971 ipse
954 891 1079 957 ibit
1126 893 1395 974 potius'’
1442 901 1604 980 apta
1646 904 1814 966 sunt
1849 902 1933 965 ad
1972 900 2205 966 auxilii
2246 916 2436 982 spem
2475 900 2537 965 ei
2571 900 2966 967 faciendam.

861 1011 979 1077 Vs.
1050 1015 1179 1079 697
1252 1018 1762 1087 condemnatum
1832 1039 1965 1087 non
2027 1038 2223 1103 posse
2283 1020 2544 1086 defendi
2603 1022 2963 1104 existum0‚

770 1134 885 1200 sed
944 1153 1064 1202 suo
1127 1136 1271 1203 iure
1332 1142 1778 1209 substituisse
1838 1144 2303 1209 indemnatum
2372 1144 2566 1209 Pitm.
2659 1143 2970 1224 Queritur

766 1256 915 1323 leno
965 1262 1093 1335 (vs.
1142 1260 1301 1344 695)
1351 1279 1425 1327 se
1477 1264 1976 1331 indemnatum
2012 1265 2242 1346 abripi.
2284 1265 2518 1330 Nonne
2556 1279 2824 1329 necesse
2859 1264 2968 1328 est

768 1381 1152 1447 statuamus
1196 1382 1578 1450 Planesium
1632 1386 1913 1452 fratrem
1962 1387 2326 1463 obsecrare,
2365 1402 2452 1451 ne
2495 1402 2651 1451 eum
2697 1384 2966 1451 indem-

774 1510 1015 1569 natum
1062 1504 1349 1585 perdat?

865 1766 967 1814 vs.
1034 1749 1158 1815 711
1224 1767 1366 1831 sqq.
1430 1751 1646 1831 Negat
1710 1751 1858 1819 leno
1924 1770 1996 1819 se
2058 1753 2444 1836 promisisse
2495 1755 2848 1833 argentum
2893 1768 2965 1817 se

772 1871 1191 1937 redditurum
1228 1889 1393 1955 esse,
1424 1873 1633 1954 siquis
1676 1874 2006 1955 virginem
2037 1874 2286 1941 liberali
2311 1892 2519 1940 manu
2541 1875 2969 1941 asseruisset:

1458 1993 1597 2059 CA.
1661 1994 1846 2074 Nego
1907 1996 2123 2062 hercle
2169 2013 2348 2063 vero.
2388 2012 2518 2076 quo
2576 1994 2971 2077 praesente?

2393 2118 2549 2199 [quo
2588 2118 2658 2182 in
2695 2115 2885 2182 loeo?

780 2235 910 2303 712
961 2236 1102 2301 ΤΗ.
1152 2236 1258 2301 Me
1304 2236 1450 2316 ipso
1488 2241 1840 2317 praesente
1877 2243 1949 2303 et
1971 2238 2238 2322 Ly'cone
2275 2239 2622 2320 tarpezita.
2663 2238 2800 2303 CA.
2826 2236 2978 2303 Non

2625 2361 2884 2439 [taces‘?

785 2478 914 2544 713
966 2478 1108 2545 ΤΗ.
1159 2479 1309 2546 Non
1354 2482 1563 2547 taceo.
1613 2480 1752 2547 CA.
1800 2482 1947 2548 Non
1993 2498 2113 2563 ego
2159 2486 2229 2548 te
2275 2483 2458 2549 flocci
2501 2483 2695 2566 facio,
2743 2500 2829 2548 ne
2867 2499 2980 2547 me

2571 2604 2883 2684 [territes.

787 2724 916 2788 714
966 2722 1107 2787 ΤΗ.
1192 2722 1297 2788 Me
1372 2723 1517 2805 ipso
1602 2729 1954 2806 praesente
2039 2730 2108 2792 et
2191 2727 2455 2810 Lycone
2523 2727 2777 2792 factum
2848 2727 2978 2790 est.

2064 2848 2227 2927 [PH.
2277 2849 2458 2914 Satis
2503 2848 2692 2913 oredo
2739 2847 2886 2912 tibi.

877 2966 1200 3033 Versibus
1250 2968 1379 3034 712
1418 2971 1488 3033 et
1527 2970 1656 3035 713
1696 2971 1753 3034 Β
1777 2971 2152 3051 praemittit
2176 2986 2528 3053 personam
2550 2968 2980 3044 Curculionis‚

786 3093 989 3170 atque
1056 3107 1155 3158 vs.
1220 3090 1351 3156 713
1398 3089 1543 3155 libri
1590 3092 1920 3157 omittunt
1965 3093 2236 3173 signum
2277 3091 2536 3156 lenonis
2581 3096 2650 3154 et
2697 3107 2795 3155 vs.
2849 3087 2974 3155 714

779 3210 1359 3292 Therapontigoni.

878 3332 1199 3399 GuYnTus
1260 3351 1359 3398 VS.
1430 3332 1557 3399 712
1606 3353 1701 3417 sq.
1753 3336 1998 3402 delevit
2016 3356 2032 3416 ;
2079 3337 2286 3401 etiam
2333 3336 2630 3400 RmBmK
2655 3330 2707 3417 1)
2751 3332 2819 3396 in
2867 3330 2974 3395 his

784 3455 1093 3521 versibus
1154 3454 1676 3537 dittographiam
1736 3458 2091 3538 agnovisse
2139 3457 2264 3522 sibi
2312 3457 2502 3522 visus
2547 3459 2668 3520 est.
2718 3432 2973 3519 ve'rum

782 3594 917 3642 non
988 3594 1088 3642 vs.
1164 3579 1291 3642 712
1362 3595 1459 3658 sq.
1533 3577 1729 3659 delet,
1805 3579 1917 3643 sed
1978 3595 2080 3643 vs.
2146 3579 2274 3644 714
2338 3578 2577 3642 verba:
2643 3592 2790 3660 „me
2834 3573 2974 3654 ipso

781 3700 1135 3778 praesente
1179 3700 1250 3761 et
1295 3698 1561 3780 Lycone
1610 3698 2001 3764 factumst”.
2048 3698 2400 3763 Praeterea
2445 3696 2680 3762 collato
2719 3712 2820 3759 vs.
2848 3692 2971 3757 568

776 3817 1060 3884 libenter
1121 3818 1311 3884 reicit
1375 3837 1477 3884 vs.
1551 3820 1679 3886 713
1729 3821 1966 3884 verba:
2027 3835 2152 3903 „ne
2199 3835 2310 3884 me
2355 3813 2690 3896 territes'’‚
2745 3815 2868 3898 „da
2905 3815 2975 3895 ja

781 3941 978 4006 keine
1014 3941 1410 4020 eigentliche
1448 3941 2077 4028 Einschiiohterung
2115 3940 2459 4022 vorliegt'’.
2501 3939 2693 4003 Tum.
2720 3955 2820 4001 vs.
2848 3936 2972 4003 712

783 4076 932 4146 „me
991 4061 1136 4142 ipso
1198 4063 1550 4142 praesente
1614 4064 1682 4125 et
1743 4062 2009 4143 Lycone
2073 4059 2446 4143 tarpezita’'
2494 4077 2628 4125 non
2674 4058 2973 4139 militem,

778 4181 893 4247 sed
944 4180 1403 4248 Curculionem
1450 4181 1833 4262 loquentem
1877 4182 2058 4248 facit.
2099 4183 2446 4248 Postremo
2488 4180 2724 4245 verba:
2773 4175 2980 4263 „satis

777 4348 970 4357 u—-—

855 4438 913 4508 1)
949 4438 984 4493 l.
1020 4441 1054 4494 1.
1094 4456 1144 4509 p.
1182 4439 1250 4494 98
1288 4455 1364 4509 sq.
