3450 5350
1524 587 1610 651 69

474 787 590 836 cur
635 769 793 835 illud
841 768 1201 835 admodum
1251 767 1391 834 veri
1440 767 1761 832 dissimile
1801 767 1966 833 mihi
2005 768 2345 834 videatur-z
2372 767 2670 850 primum

476 891 665 973 pueri
711 889 963 971 emptio
1008 890 1076 954 in
1123 887 1416 954 fabulam
1457 889 1712 954 inserta
1733 888 2018 954 actionis
2042 889 2378 955 unitatem
2401 891 2671 970 gravius

478 1012 958 1093 perturbasset,
1022 1026 1226 1091 quam
1286 1013 1365 1076 ut
1427 1027 1468 1074 a
1530 1014 1723 1090 poeta
1794 1009 2121 1075 eiusmodi
2190 1009 2434 1092 aliquid
2502 1029 2669 1080 com-

391 1139 398 1144 ’
478 1134 763 1199 missum
832 1149 982 1198 esse
1052 1132 1312 1214 probari
1375 1132 1538 1196 mihi
1599 1131 1832 1211 possit.
1905 1131 2176 1212 Deinde,
2242 1133 2301 1197 si
2361 1131 2670 1200 Leonum

479 1254 838 1335 sequimur,
889 1269 1022 1317 non
1069 1251 1376 1333 intellego
1422 1269 1524 1318 vs.
1576 1251 1706 1317 525
1753 1269 1887 1333 sq.:
1936 1253 2145 1338 „istas
2181 1253 2399 1318 minas
2421 1255 2667 1337 decem,

478 1376 592 1459 qui
639 1390 743 1440 me
790 1390 1155 1455 procurem,
1206 1374 1383 1439 Dum
1431 1373 1671 1439 melius
1712 1375 1806 1438 sit
1845 1373 2028 1448 mihi,
2070 1374 2249 1472 des'’.
2298 1375 2462 1456 Quid
2488 1376 2670 1442 enim

363 1484 370 1490 ’
481 1502 627 1563 tum
671 1495 1040 1575 significare
1080 1495 1342 1560 debebit
1380 1495 1920 1560 additamentum
1966 1497 2117 1581 „qui
2155 1513 2265 1562 me
2303 1514 2666 1581 procurem,

480 1619 642 1684 dum
711 1616 949 1681 melius
1018 1616 1112 1681 sit
1181 1615 1440 1681 mihi„?
1509 1616 1765 1699 Nonne,
1830 1616 1890 1681 si
1951 1616 2130 1699 Lyco
2178 1618 2364 1698 pueri
2409 1619 2673 1684 emendi

479 1756 682 1806 causa
748 1754 906 1802 eum
973 1737 1250 1802 adiisset
1317 1736 1710 1820 nequedum,
1779 1740 2135 1819 postquam
2196 1738 2277 1803 de
2334 1740 2673 1821 emptione

479 1859 908 1926 convenisset
966 1859 1143 1924 inter
1202 1875 1336 1934 eos,
1400 1859 1690 1939 pretium
1741 1859 2077 1936 solvisset,
2123 1860 2271 1924 leno
2321 1862 2673 1940 pecuniam

479 1998 758 2065 poscens
818 1981 941 2046 hoc
1002 1997 1304 2046 sermone
1366 1997 1533 2046 usus
1594 1984 1809 2046 esset:
1881 1981 2088 2067 „istas
2148 1981 2367 2048 minas
2424 1983 2669 2067 decem,

479 2121 646 2186 quas
709 2103 873 2168 mihi
934 2103 1151 2185 debes,
1214 2103 1430 2188 des’'?
1490 2103 1717 2184 Atque
1776 2104 2105 2185 quomodo
2167 2104 2244 2186 is,
2310 2104 2425 2185 qui
2480 2106 2674 2170 modo

479 2226 759 2304 triginta
806 2225 1028 2290 minas
1074 2225 1348 2305 accepit,
1400 2225 1497 2290 sic
1534 2225 1709 2306 loqui
1747 2228 1970 2307 potest
2008 2225 2141 2290 nisi
2179 2228 2429 2291 certam
2474 2244 2673 2307 quan·

479 2347 633 2412 dam
686 2347 767 2412 ob
811 2347 1139 2412 causam?
1208 2345 1660 2411 Statuendum
1705 2347 1915 2426 igitur
1959 2350 2069 2412 est
2113 2345 2422 2413 lenonem
2467 2351 2668 2414 antea

478 2467 864 2544 declarasse,
926 2468 1082 2549 quid
1127 2466 1258 2532 illis
1303 2467 1581 2546 triginta
1629 2467 1833 2532 minis
1879 2468 2091 2534 facere
2137 2469 2373 2550 vellet;
2421 2468 2669 2550 fingere

475 2607 534 2656 e.
560 2606 620 2669 g.
683 2606 1045 2671 possumus
1107 2587 1356 2654 dixisse
1415 2604 1570 2653 eum
1626 2605 1698 2653 se
1742 2587 1853 2654 illa
1899 2589 2176 2670 pecunia
2220 2590 2324 2654 uti
2371 2590 2537 2656 velle
2582 2591 2665 2654 ad

476 2714 832 2794 quaestum
881 2710 1451 2794 amplificandum,
1514 2710 1714 2776 simul
1784 2713 2052 2793 propter
2096 2728 2301 2793 quam
2348 2730 2491 2778 rem
2537 2716 2666 2778 tra-

477 2833 694 2915 pezita
740 2832 966 2898 decem
1013 2833 1234 2898 minas
1281 2832 1410 2897 sibi
1456 2833 1696 2898 debeat
1736 2850 2286 2899 commemorans.
2336 2833 2515 2915 Quae
2555 2852 2664 2899 au·

473 2957 614 3019 tem
660 2970 768 3019 res
810 2954 974 3019 haec
1019 2954 1132 3029 sit,
1172 2953 1434 3018 difficile
1475 2954 1795 3019 nimirum
1835 2958 1943 3019 est
1982 2971 2097 3034 pro
2122 2958 2303 3020 certo
2328 2957 2628 3021 statuere
2646 2977 2662 3037 ;

472 3075 768 3140 maxime
827 3074 1186 3140 verisimile
1250 3075 1412 3141 mihi
1475 3075 1741 3140 videtur
1799 3076 2108 3142 lenonem
2165 3080 2383 3161 antea,
2409 3068 2427 3087 ⁶
2448 3081 2529 3143 ut
2592 3096 2665 3144 se

472 3212 824 3278 procurare
868 3197 1112 3278 posset,
1162 3213 1280 3277 per
1324 3196 1726 3277 trapezitam
1773 3195 2016 3278 aliquid
2064 3197 2460 3263 vendidisse.

565 3316 819 3382 Verum
879 3315 1006 3381 alio
1066 3332 1323 3397 quoque
1382 3315 1520 3381 loco
1586 3290 1812 3383 decem
1875 3318 2214 3383 minarum
2259 3319 2339 3383 fit
2387 3319 2660 3398 menti0,

470 3442 754 3520 quarum
813 3438 982 3502 ratio
1044 3454 1178 3502 non
1226 3437 1533 3516 congruit
1578 3454 1735 3503 cum
1780 3436 1929 3503 aliis
1976 3438 2233 3505 fabulae
2276 3440 2457 3505 locis,
2506 3440 2662 3505 Ver-

471 3560 656 3625 sibus
702 3560 882 3623 enim
928 3559 1058 3624 343
1107 3577 1204 3640 sq.
1254 3558 1559 3625 Curculio
1596 3560 2088 3626 Phaedromum
2127 3561 2478 3627 certiorem
2503 3562 2663 3627 facit

471 3698 544 3746 se
613 3678 898 3746 militem
966 3680 1303 3745 audivisse
1371 3685 1763 3746 narrantem
1830 3699 1902 3747 se
1971 3682 2049 3746 de
2116 3682 2351 3748 lenone
2420 3682 2662 3747 emisse

476 3802 842 3888 „virginem
910 3801 1212 3879 Triginta
1279 3801 1506 3878 minis,
1577 3807 1861 3882 vestem,
1931 3820 2208 3883 aurum;
2282 3806 2350 3868 et
2421 3821 2537 3884 pro
2605 3804 2663 3869 is

465 3924 695 3989 decem
762 3922 1166 3988 coaccedunt
1233 3922 1519 3987 minae’'.
1590 3923 1814 3988 Huius
1883 3924 2089 4003 igitur
2145 3924 2269 3989 loci
2329 3924 2661 3989 rationem

468 4045 528 4111 si
573 4043 918 4124 habemus,
968 4043 1263 4125 pretium
1330 4046 1438 4108 est
1486 4043 1927 4125 quadraginta
1954 4032 1961 4041 ’
1987 4044 2325 4110 minarum
2343 4066 2360 4126 ;
2421 4046 2661 4112 ceteris

467 4166 699 4230 autem
736 4164 898 4231 locis
936 4166 1018 4230 de
1043 4166 1324 4247 triginta
1348 4165 1690 4232 minarum
1712 4166 1926 4248 pretio
1950 4184 2170 4233 sermo
2192 4170 2333 4234 est:
2374 4186 2477 4233 vs.
2506 4168 2657 4244 492,

471 4284 620 4365 585,
670 4287 823 4351 666.
872 4286 958 4352 Et
1006 4287 1177 4351 hanc
1224 4288 1305 4352 ob
1353 4304 1496 4353 rem
1543 4292 1613 4353 et
1659 4289 1741 4353 ob
1795 4288 2204 4374 „orationem
2251 4288 2658 4369 pessimam”

467 4405 724 4473 Ussme
768 4425 870 4473 vs.
918 4407 1046 4471 344
1095 4407 1289 4473 delet.
1337 4408 1436 4473 At
1480 4407 1586 4474 illo
1633 4409 1847 4475 deleto
1886 4425 2089 4474 versu
2136 4426 2350 4491 neque
2386 4427 2484 4477 vs.
2526 4408 2658 4476 345
