3450 5350
1554 622 1677 687 147

514 800 790 882 prolatis
836 800 1029 867 miles
1075 803 1370 891 parasito
1416 803 1766 882 colaphum
1811 802 2080 885 inflixit,
2129 801 2226 867 ita
2269 804 2351 865 ut
2396 801 2540 867 fieri
2576 818 2711 867 non
2765 843 2774 855 ι

516 923 750 1003 possit,
798 922 961 1004 quin
1005 923 1457 988 Phaedromus
1494 922 1561 986 id
1602 923 1864 1003 viderit,
1907 922 2217 987 arbitrari
2269 924 2474 1003 queat
2534 922 2713 985 hunc

517 1041 675 1107 illud
722 1060 856 1108 non
902 1044 1481 1109 animadvertisse.

607 1162 769 1229 Post
834 1165 1019 1230 ferox
1082 1166 1319 1231 militis
1373 1146 1805 1246 responsum:
1860 1165 2052 1250 „quia
2099 1165 2265 1229 mihi
2309 1162 2712 1229 lubitumst”

517 1285 971 1352 Phaedromus
1032 1288 1116 1352 ab
1178 1287 1301 1352 hoc
1358 1304 1431 1353 se
1486 1287 1738 1353 avertit
1789 1288 1860 1351 et
1908 1284 2367 1351 Curculionem
2415 1285 2521 1348 his
2563 1283 2713 1350 allo-

518 1406 747 1488 quitur
802 1408 1056 1473 verbis:
1130 1408 1401 1494 „accede
1461 1408 1594 1473 huc
1642 1410 1746 1481 tu,
1794 1422 1914 1487 ego
1958 1406 2148 1472 illum
2195 1408 2268 1485 (i.
2312 1423 2363 1471 e.
2411 1406 2714 1485 militem)

517 1527 641 1592 tibi
710 1529 966 1605 dedam,
1038 1530 1249 1609 tace’',
1324 1529 1440 1594 sed
1507 1530 1605 1594 ita
1664 1533 1744 1594 ut
1805 1528 2000 1593 miles
2063 1545 2197 1593 non
2257 1526 2488 1593 audiat
2543 1528 2714 1609 quod

519 1650 638 1715 dici
649 1655 780 1716 tur.
829 1653 1036 1717 Recte
1088 1654 1269 1717 enim
1295 1653 1615 1718 Rmxncx
1659 1650 1901 1716 refellit
1946 1650 2355 1715 sententiam
2403 1648 2714 1714 Ussmen

520 1772 1008 1839 Phaedromum
1064 1774 1349 1838 militem
1394 1774 1637 1855 alloqui
1682 1772 2056 1839 censentis:
2112 1772 2287 1858 „iam
2332 1768 2712 1850 intelligit”,

518 1893 616 1957 ait
667 1910 862 1978 „eum
908 1894 1133 1976 potius
1172 1895 1362 1961 bonis
1401 1896 1642 1977 verbis,
1684 1913 1889 1976 quam
1929 1896 2133 1960 minis
2171 1894 2414 1975 placari
2445 1895 2711 1975 debere;

519 2016 732 2092 illum,
798 2015 1296 2098 Curculionem5
1360 2035 1517 2083 eum
1562 2034 1634 2082 se
1683 2018 2020 2097 promittit
2067 2018 2266 2082 militi
2310 2017 2713 2092 dediturum,

520 2152 641 2200 nec
686 2153 857 2218 esse,
905 2155 1023 2203 cur
1071 2138 1358 2220 amplius
1403 2138 1713 2204 clamet”.
1764 2139 1863 2203 At
1908 2156 2074 2203 num
2119 2138 2438 2218 clamavit
2475 2137 2716 2203 miles?

520 2261 749 2339 Atque
794 2277 958 2326 num
995 2260 1258 2342 probari
1296 2259 1427 2326 ullo
1464 2260 1659 2325 modo
1706 2262 1931 2340 potest
1971 2260 2462 2325 Phaedromum
2495 2260 2718 2324 accede

520 2380 650 2444 huc
710 2384 784 2445 tu
838 2381 1052 2447 dicere
1118 2382 1202 2447 ad
1272 2382 1577 2465 militem,
1627 2399 1915 2463 quocum
1963 2382 2156 2447 modo
2201 2382 2295 2447 sit
2337 2381 2600 2447 locutus
2645 2358 2716 2445 et

522 2518 722 2582 quem
766 2502 1156 2568 discessisse
1199 2520 1235 2567 e
1281 2502 1461 2569 nulla
1506 2520 1577 2569 re
1624 2504 1994 2585 appareat?
2385 2492 2388 2497 ’

608 2624 989 2690 Planesium
1037 2626 1152 2690 ubi
1189 2625 1451 2691 audivit
1488 2642 1660 2706 quae
1701 2625 2154 2691 Phaedromus
2193 2623 2363 2690 dixit
2400 2623 2716 2706 parasite,

518 2751 848 2830 metuenS,
893 2764 997 2828 ne,
1044 2747 1102 2812 si
1150 2746 1339 2813 miles
1386 2747 1667 2812 dedatur
1714 2747 2109 2826 Curculioni,
2158 2745 2338 2811 nulla
2381 2745 2517 2811 iam
2563 2762 2717 2827 spes

523 2869 616 2933 sit
653 2867 1014 2949 quidquam
1054 2884 1127 2932 se
1164 2868 1246 2932 de
1284 2868 1675 2948 parentibus
1699 2867 2138 2946 cognituram,
2166 2865 2449 2947 supplex
2481 2866 2718 2951 „Phae-

522 2993 769 3074 drome,
832 2990 1119 3070 obsecro,
1180 3007 1375 3054 serva
1432 2990 1585 3055 me”
1649 2988 1915 3071 clamat.
1982 2989 2163 3070 Quae
2213 2989 2416 3053 verba
2461 2987 2718 3053 codices

523 3114 691 3180 dant
740 3110 1135 3183 Curculioni‚
1184 3111 1300 3176 sed
1347 3110 1638 3177 Planesii
1680 3128 1831 3177 esse
1878 3109 2219 3193 perspexit
2263 3110 2605 3175 SEYFFERT
2646 3105 2715 3188 1).

525 3235 780 3302 Ussme
826 3235 1096 3316 quidem
1142 3233 1516 3299 Curculioni
1564 3249 1643 3298 ea
1688 3233 2003 3314 vindicat,
2045 3233 2161 3298 sed
2196 3234 2273 3297 'et
2311 3233 2579 3312 propter
2615 3247 2716 3308 ea,

523 3375 691 3441 quae
744 3359 879 3423 iam
928 3357 1089 3433 dixi,
1134 3359 1204 3420 et
1248 3359 1517 3437 propter
1562 3355 1957 3421 Phaedromi
2005 3371 2436 3435 responsum:
2513 3357 2718 3439 „tam-

528 3499 731 3564 quam
776 3496 886 3545 me
933 3481 1005 3544 et
1044 3477 1313 3559 genium
1353 3477 1648 3559 meum”,
1687 3494 1859 3558 quae
1895 3478 2100 3543 verba
2138 3475 2495 3557 aptissima
2531 3477 2716 3550 sunt,

526 3605 595 3670 si.
645 3601 953 3675 amicam,
1015 3599 1240 3664 minus
1289 3601 1521 3664 autem
1567 3597 2001 3679 conveniunt,
2050 3595 2110 3661 si
2156 3595 2527 3676 parasitum
2571 3593 2718 3659 allo·

529 3725 777 3806 quitur,
840 3721 1130 3787 Planesii
1189 3737 1339 3786 esse
1400 3720 1595 3785 illud:
1664 3719 2130 3806 „Phaedrome‚
2182 3719 2471 3792 obsecro,
2521 3733 2719 3782 serva

528 3846 679 3914 me”
727 3844 1165 3912 statuendum
1214 3844 1341 3908 est.

617 4077 721 4125 vs.
768 4057 901 4124 633
949 4075 983 4123 s
1031 4104 1046 4121 .

715 4180 787 4247 O.
835 4180 936 4244 Ut
982 4074 1245 4243 (flastidit
1278 4175 1621 4255 gloriosus.
1663 4173 1804 4238 ΤΗ.
1847 4169 2045 4237 Mitte
2081 4172 2313 4250 istum,
2354 4185 2473 4248 ego
2510 4167 2725 4232 dicam

2361 4289 2630 4368 [omnia.

602 4466 659 4534 1)
693 4462 729 4517 l.
766 4462 802 4516 1.
838 4479 889 4532 p.
928 4465 977 4516 3.
