3450 5350
1820 605 1902 668 22

764 807 927 853 zum
989 788 1073 853 ad
1129 789 1323 854 Most.
1392 788 1538 853 150.
1603 790 1951 854 Adversus
2010 805 2212 869 quam
2274 784 2788 866 explicationem
2836 802 2959 850 suo

764 910 907 975 iure
952 910 1104 975 clar.
1154 909 1424 976 spansa
1469 911 1536 975 in
1586 911 1922 1001 Glossario
1968 910 2052 975 ad
2088 905 2410 989 Captivos
2446 909 2760 974 observat
2797 914 2959 976 ante

763 1033 1059 1098 vocalem
1119 1051 1237 1114 pro
1282 1034 1390 1099 dis
1436 1052 1567 1099 non
1617 1039 1797 1099 stare
1842 1051 2037 1114 posse
2086 1032 2173 1098 di.
2223 1032 2449 1096 Addo:
2502 1031 2558 1096 si
2604 1048 2839 1096 revera
2885 1032 2953 1096 in

763 1156 1079 1222 vocabulo
1139 1161 1366 1222 nostro
1428 1158 1709 1222 verbum
1778 1156 2078 1236 eriyendz·
2144 1157 2418 1229 inesset,
2467 1172 2689 1221 nonne
2735 1156 2958 1220 admo-

763 1278 923 1342 dum
968 1281 1148 1344 esset
1195 1279 1440 1343 mirum
1481 1295 1817 1359 nusquam
1851 1278 2250 1343 locutionem
2291 1278 2542 1357 eriyere
2579 1279 2653 1342 in
2692 1294 2951 1341 crucem

763 1399 1102 1465 inveniri?
1163 1401 1423 1466 Dicitur
1505 1404 1579 1465 in
1640 1419 1901 1466 crucem
1970 1398 2203 1479 tollere,
2268 1402 2453 1464 cruci
2510 1397 2787 1480 affiqere
2838 1398 2958 1462 vel

761 1521 1098 1603 eumaem,
1171 1539 1363 1586 cruce
1430 1521 1716 1602 afficere,
1794 1537 2163 1602 numquam
2234 1522 2308 1584 in
2370 1537 2630 1584 crucem
2684 1520 2954 1599 eriyere.

764 1641 1018 1706 Tamen
1078 1642 1250 1723 quod
1301 1641 1654 1708 SPEIJERUS
1701 1643 2127 1722 amplectitur
2172 1658 2288 1706 sen
2299 1640 2581 1705 tentiam
2630 1638 2959 1704 SALMAsn

761 1761 1086 1827 dierectus
1146 1762 1310 1827 nihil
1367 1763 1543 1828 aliud
1591 1779 1743 1828 esse
1787 1780 1993 1843 quam
2040 1762 2374 1828 Graecum
2421 1760 2789 1838 διάρρηκτος,
2836 1762 2958 1826 1100

762 1900 1021 1964 quoque
1066 1885 1575 1966 improbandum
1620 1901 1768 1949 esse
1814 1900 2071 1950 censeo.

853 2005 1077 2070 Etiam
1116 2007 1197 2072 de
1235 2006 1418 2072 vocis
1453 2007 1760 2087 prosodia
1783 2005 2195 2071 dissentiunt
2217 2005 2347 2070 viri
2372 2006 2567 2074 docti.
2602 2005 2959 2072 SPEIJERUS

762 2142 917 2191 cum
975 2126 1124 2191 aliis
1183 2127 1523 2192 contendit
1580 2143 1811 2191 vocem
1868 2125 2212 2208 trisyllabe
2258 2144 2373 2207 per
2420 2127 2761 2209 synizesin
2807 2145 2959 2208 pro-

763 2248 1212 2313 nuntiandam
1272 2265 1454 2328 055ος
1526 2247 1698 2328 quod
1766 2247 1822 2311 si
1888 2263 2125 2311 verum
2186 2249 2309 2329 est,
2374 2245 2610 2311 multis
2669 2247 2959 2327 profecto

762 2369 922 2434 locis
983 2373 1217 2435 textus
1279 2369 1646 2434 mutandus
1708 2371 1830 2433 est.
1901 2367 2150 2433 Contra
2210 2367 2387 2432 Bmx
2433 2367 2515 2432 ad
2563 2368 2741 2434 Trin.
2791 2367 2958 2435 457:

769 2490 928 2574 „das
969 2490 1169 2556 Wort
1207 2491 1302 2556 ist
1337 2508 1462 2555 nur
1503 2490 1646 2556 hier
1682 2491 1891 2555 durch
1914 2489 2236 2572 Synizese
2274 2488 2623 2575 dreisilb1g‚
2665 2490 2960 2569 dagegen

763 2612 1100 2694 viersilbig
1161 2613 1396 2679 Bacch.
1455 2611 1604 2681 579.
1679 2613 1849 2679 Men.
1901 2612 2053 2677 442.
2108 2611 2301 2678 Mero.
2360 2613 2504 2679 183.
2555 2612 2753 2681 Poen.
2804 2612 2956 2681 347.

762 2736 932 2799 Rud.
966 2736 1157 2811 1170,
1183 2752 1270 2800 an
1309 2735 1561 2800 andern
1603 2734 1854 2800 Stellen
1894 2734 1985 2799 ist
2018 2734 2123 2798 (110
2148 2734 2464 2813 Messung
2488 2732 2957 2799 zweifelhaft.''

853 2856 1041 2936 Ipsos
1098 2856 1294 2930 locos,
1359 2855 1473 2920 ubi
1532 2872 1665 2920 vox
1733 2856 2095 2936 invenitur,
2161 2856 2691 2937 contemplemur
2751 2859 2957 2936 atque

761 2978 921 3059 quid
959 2978 1069 3042 illa
1107 2994 1230 3042 1105
1268 2977 1501 3042 doceat
1539 2977 2015 3058 contemplatio
2062 2976 2428 3043 videamus.
2477 2976 2954 3057 Praeterquam

762 3102 993 3164 nostro
1039 3098 1452 3163 Curculionis
1498 3113 1700 3162 versu
1747 3096 2025 3176 legitur:

852 3220 1089 3286 Bacch.
1139 3220 1220 3286 57
1228 3222 1304 3283 9:
1372 3216 1378 3221 '

931 3343 1184 3407 Recede
1231 3341 1386 3406 hinc
1432 3340 1735 3421 dierecte,
1786 3344 1866 3405 ut
1911 3340 2136 3421 pulsat
2181 3339 2599 3421 propudium.

721 3480 730 3491 '
853 3465 1040 3546 Capt.
1090 3464 1256 3529 636:

933 3586 1100 3666 Quin
1129 3585 1413 3666 quiescis
1425 3585 1459 3649 ?
1481 3585 1628 3651 <i>
1648 3584 2016 3649 dierectum
2032 3600 2143 3650 cor
2158 3600 2405 3661 meum,
2418 3602 2496 3649 ac
2511 3586 2841 3664 suspende
2858 3588 2949 3651 te.

850 3707 997 3772 Cas.
1054 3706 1215 3770 103:

938 3826 1071 3891 Abi
1117 3845 1253 3908 rue,
1300 3827 1406 3892 abi
1453 3826 1785 3892 dierectus
1830 3830 2022 3892 tuam
2066 3827 2136 3891 in
2182 3826 2616 3907 provinciam.

847 3948 1020 4013 Men.
1071 3949 1240 4012 442:

947 4069 1146 4135 Ducit
1189 4070 1486 4134 lembum
1531 4068 1902 4135 dierectum
1947 4068 2143 4135 navis
2190 4068 2421 4149 praeda
2430 4070 2621 4134 toria.

847 4192 1042 4257 Merc.
1099 4191 1262 4256 184:
1549 4262 1553 4267 ,
2276 4169 2282 4175 ’

936 4314 1038 4377 In'
1085 4312 1240 4377 hinc
1287 4306 1654 4377 dierectus?
1702 4328 1954 4393 nugare
1996 4312 2067 4379 in
2114 4329 2184 4379 re
2226 4311 2491 4395 capitali
2541 4328 2710 4379 mea.

846 4434 1040 4501 Merc.
1096 4434 1261 4500 756:
