3450 5350
1585 550 1706 615 151

730 731 866 813 Ego
911 714 1342 814 pertimesco:
1396 733 1605 816 [tum]
1651 732 1744 798 ibi
1792 748 1900 796 me
1947 732 2170 796 nescio
2215 731 2366 813 quis
2411 732 2648 814 arripit

730 854 1064 920 Timidam
1122 858 1323 935 atque
1385 852 1721 934 pavidam,
1778 868 1900 917 nec
1946 851 2178 916 vivam
2225 869 2346 917 1166
2392 856 2750 920 mortuam.

637 974 857 1040 Gonrz
895 974 1384 1056 obtemperavit
1422 973 1876 1039 anoiznrsnuo
1917 976 2070 1054 post
2108 991 2209 1039 vs.
2251 974 2550 1055 6441645
2583 976 2752 1041 lacu-

548 1114 709 1161 nam
770 1096 1121 1161 statuent-i.
1183 1096 1392 1162 Recte
1438 1098 1673 1161 autem
1722 1095 1980 1160 Ussme
2024 1094 2180 1161 huic
2225 1096 2601 1161 sententiae
2647 1095 2752 1161 ad-

548 1220 861 1283 versatus
906 1220 1047 1282 est:
1102 1217 1250 1302 „illo
1294 1216 1483 1283 facile
1524 1234 1609 1282 ex
1648 1218 1975 1283 contextu
2015 1215 2430 1297 intelligitur,
2472 1217 2540 1282 in
2580 1235 2754 1299 spec:

548 1339 923 1405 taculoru'm
958 1338 1244 1422 locum,'’
1284 1339 1351 1403 in
1392 1355 1554 1404 eum
1591 1339 1832 1419 locum,
1873 1337 1986 1427 ubi
2017 1337 2340 1421 Dionysia
2361 1341 2753 1418 agebantur.

550 1460 646 1525 Cf.
696 1460 863 1525 Cist.
912 1461 999 1524 89
1045 1478 1142 1542 sq.

639 1582 758 1648 Vs.
802 1583 932 1647 648
975 1582 1213 1647 merito
1252 1582 1656 1647 KAMPMANN
1694 1581 1944 1647 delevit
1981 1596 2216 1647 vocem
2247 1583 2426 1657 tum3
2451 1581 2754 1647 additum

548 1708 654 1771 est
700 1704 995 1769 adverbii
1042 1705 1135 1769 ibi
1178 1704 1550 1785 explicandi
1599 1720 1822 1769 causa.

638 1826 885 1891 Eodem
932 1843 1133 1892 versu
1180 1827 1425 1892 iniuria
1473 1828 1842 1909 probarunt
1882 1826 2061 1893 Baix
2089 1825 2137 1909 ¹)
2177 1828 2248 1891 et
2288 1826 2545 1893 Ussme
2581 1826 2757 1893 LAM-

546 1966 689 2013 mm
726 1948 1175 2041 coniecturam
1214 1948 1467 2030 abripit
1506 1966 1623 2029 pro
1664 1949 1937 2031 arripit.
1981 1947 2252 2014 Confert
2288 1949 2466 2012 Bmx
2497 1966 2598 2013 νε.
2624 1948 2757 2013 650

547 2070 891 2135 abstulerit
935 2074 1008 2135 et
1056 2087 1156 2135 vs.
1209 2070 1341 2135 695
1387 2069 1633 2150 abripi,
1682 2086 1964 2151 quorum
2014 2068 2309 2135 locorum
2348 2070 2616 2135 diversa
2652 2073 2761 2136 est

548 2192 737 2257 ratio.
794 2192 920 2273 Qui
962 2191 1285 2271 aufertur,
1332 2193 1521 2273 prius
1566 2191 1928 2271 arripiatur
1975 2200 2247 2257 necesse
2293 2195 2421 2257 est.
2469 2191 2576 2256 Sic
2622 2192 2758 2259 Pla-

548 2314 811 2379 nesium
850 2317 1082 2379 narrat
1117 2314 1448 2395 quendam
1484 2330 1557 2379 se
1582 2314 1945 2394 arripuisse
1966 2316 2169 2394 atque
2193 2317 2342 2379 tum
2365 2314 2746 2379 abstulisse.

547 2436 663 2502 Vs.
730 2437 861 2501 695
917 2435 1272 2517 Cappadox
1316 2436 1620 2517 queritur
1664 2453 1799 2501 non
1848 2451 1922 2500 se
1966 2436 2186 2517 arripi,
2236 2436 2350 2501 sed
2394 2453 2469 2501 se
2515 2436 2746 2517 abripi.

546 2557 931 2637 Abripiendi
968 2557 1250 2625 verbum
1287 2557 1378 2622 ibi
1418 2558 1874 2623 necessarium
1904 2561 2032 2634 est,
2057 2574 2467 2639 quamquam
2492 2557 2747 2624 codices

539 2679 794 2744 habent
859 2681 1105 2762 arripi.
1165 2677 1271 2744 Ex
1337 2697 1437 2745 vs.
1500 2680 1633 2745 693
1697 2679 1722 2761 (
1733 2679 2009 2764 „collum
2069 2680 2428 2764 obstringe,
2493 2681 2746 2746 abduce

540 2800 826 2883 istum’')
878 2801 1299 2866 efficiendum
1345 2804 1453 2866 est
1497 2801 1805 2866 lenonem
1850 2801 2036 2882 prius
2082 2804 2528 2896 arreptum
2575 2819 2740 2885 esse,

542 2921 736 3003 idque
781 2922 895 3003 ita,
947 2924 1027 2986 ut
1070 2922 1312 2987 collum
1359 2923 1908 3002 obstringeretur,
1953 2898 2134 2988 nunc
2179 2923 2483 3002 abripi.

631 3181 732 3229 vs.
774 3165 905 3230 659
944 3143 1085 3246 sqq.
1126 3164 1571 3230 Personarum
1612 3164 2152 3230 distributionem
2191 3165 2263 3230 in
2301 3167 2498 3230 actus
2521 3167 2741 3246 quinti

542 3303 783 3352 scaena
853 3287 1141 3352 secunda
1201 3286 1417 3352 multa
1480 3287 1899 3352 contraxisse
1960 3286 2130 3350 vitia
2189 3286 2396 3351 etiam
2459 3302 2544 3350 ex
2606 3285 2740 3350 fine

539 3425 817 3474 scaenae
879 3412 1173 3490 apparet.
1232 3409 1852 3488 Therapontigonus
1893 3409 1969 3473 et
2012 3407 2398 3474 Planesium
2443 3406 2618 3473 inter
2665 3424 2740 3473 se

536 3533 976 3608 agnoverunt.
1041 3529 1494 3595 Phaedromus
1550 3534 1777 3610 sperat
1822 3529 1960 3595 fore
2007 3533 2086 3594 ut
2134 3529 2237 3594 dei
2282 3528 2414 3594 illis
2459 3529 2525 3594 id
2572 3530 2738 3595 bene

538 3652 847 3715 vertant:

1478 3770 1546 3836 C.
1599 3771 1685 3837 Et
1729 3787 1851 3850 ego
1896 3759 2102 3836 nobis
2131 3771 2460 3838 omnibus.

537 3891 669 3956 660
716 3891 813 3956 Tu
865 3894 941 3956 ut
987 3892 1179 3958 hodie
1220 3893 1587 3957 adveniens
1634 3909 1870 3958 cenam
1917 3893 2036 3959 des
2083 3893 2424 3970 sororiam,

717 4012 843 4076 Hic
888 4013 1257 4093 nuptialem
1303 4031 1447 4078 cras
1493 4013 1696 4078 dabit.
1745 4013 2222 4095 promittimus.

716 4133 815 4197 Tu
862 4133 1083 4198 istanc
1126 4134 1455 4216 desponde
1501 4135 1673 4211 huic,
1724 4135 1932 4201 miles.
1981 4150 2101 4214 ego
2145 4134 2370 4199 dotem
2408 4135 2592 4201 dabo.

609 4389 666 4458 1)
702 4387 855 4496 Neue
890 4386 1217 4443 Jahrbiicher
1254 4389 1355 4444 101
1392 4407 1443 4461 p.
1482 4390 1602 4445 765.
