3450 5350
1560 598 1641 661 91

508 780 964 843 monstratum
1026 778 1135 854 sit,
1201 781 1433 844 tamen
1480 778 1742 845 illorum
1787 779 2345 863 accusativorum,
2398 779 2513 862 qui
2559 780 2708 845 sub·

506 896 675 963 iecto
734 902 986 977 carent,
1048 901 1377 967 rationem
1442 901 1740 967 nondum
1802 899 2209 983 explicatam
2262 917 2410 966 esse
2457 902 2708 982 opinor.

508 1018 729 1085 Goss‘rz
776 1024 932 1101 post
978 1039 1080 1087 VS.
1131 1022 1263 1087 483
1308 1022 1728 1091 intercidisse
1765 1024 1968 1103 putat
2011 1022 2224 1108 „unde
2247 1024 2319 1087 et
2341 1022 2711 1087 accusativi

508 1139 845 1219 pendeant
914 1144 985 1206 et
1052 1140 1273 1207 lucem
1336 1143 1617 1223 accipiat
1677 1159 1918 1209 versus
1979 1142 2391 1223 p1·oximus'’.
2454 1142 2711 1209 Ussme

507 1263 824 1327 annotat:
884 1278 1161 1347 „versus
1198 1264 1319 1329 aut
1358 1264 1650 1344 pessime
1685 1264 1888 1331 fictus
1926 1268 2046 1330 aut
2086 1265 2369 1329 verbum
2393 1265 2708 1331 excidit”.

507 1382 773 1448 JORDAN
803 1382 852 1467 ¹)
901 1401 1139 1451 versus
1187 1386 1317 1452 485
1365 1386 1656 1466 speciem
1704 1386 1861 1452 inde
1907 1386 2215 1468 explicat,
2261 1386 2436 1467 quod
2475 1387 2554 1461 is,
2596 1386 2712 1468 qui

509 1520 786 1570 versum
841 1505 1061 1581 finxit,
1108 1507 1171 1571 ei
1218 1524 1459 1573 versus
1506 1509 1634 1575 472
1682 1506 1906 1573 locum
1951 1507 2394 1573 destinaverit
2411 1528 2428 1588 ;
2477 1524 2710 1573 versus

510 1628 741 1691 autem
789 1627 942 1703 483,
991 1628 1164 1708 quod
1212 1632 1778 1696 commemoratus
1826 1630 2020 1695 vicus
2067 1630 2326 1696 Tuscus
2362 1629 2710 1711 interpola·

508 1751 725 1813 torem
784 1750 1241 1833 commoverit,
1310 1756 1387 1816 ut
1449 1752 1722 1818 adderet
1783 1750 2168 1828 Velabrum,
2233 1752 2313 1818 de
2373 1769 2503 1833 quo
2553 1751 2710 1833 quid

508 1869 758 1935 diceret
823 1888 959 1937 non
1027 1872 1302 1938 haberet
1374 1874 1506 1939 nisi
1575 1874 1826 1939 nudam
1895 1874 2237 1955 quandam
2294 1889 2455 1953 rem,
2505 1890 2710 1955 quam

510 2008 785 2058 versum
823 1992 953 2056 469
978 1994 1291 2059 imitatus
1334 1995 1813 2062 enuntiaverit.
1862 1995 2235 2061 annmon
2281 1994 2569 2075 explicat
2615 1995 2711 2060 sic

510 2116 591 2177 ut
650 2131 854 2195 supra
913 2115 1283 2182 indicatum
1342 2119 1467 2182 est.
1540 2116 1836 2197 Quarum
1881 2117 2273 2197 opinionum
2317 2116 2498 2181 nulla
2545 2116 2711 2181 mihi

512 2234 749 2316 placet.
796 2235 933 2315 Ego
978 2240 1141 2317 puto
1187 2238 1271 2303 ab
1314 2238 1507 2304 initio
1556 2255 1830 2303 versum
1878 2238 2008 2301 482
2056 2238 2338 2303 verbum
2364 2232 2710 2313 habuisse,

512 2358 687 2423 unde
735 2357 1120 2439 interpolati
1166 2360 1538 2425 accusativi
1585 2361 1973 2440 penderent.
2023 2359 2192 2441 Quid
2238 2358 2470 2424 enim?
2517 2358 2711 2424 Nunc

513 2482 654 2544 tres
713 2480 1066 2546 continuos
1128 2498 1387 2557 versuS,
1434 2481 1567 2547 480
1619 2486 1688 2548 et
1744 2483 1870 2547 481
1921 2485 1993 2547 et
2039 2482 2192 2558 482,
2241 2479 2586 2559 habemus,
2636 2480 2708 2544 in

512 2603 755 2685 quibus
801 2603 1113 2669 omnibus
1158 2606 1388 2669 exstat
1434 2603 1527 2668 ibi
1568 2606 1748 2681 sunt,
1798 2604 1970 2686 quod
2016 2603 2183 2669 mihi
2229 2602 2494 2686 quidem
2520 2601 2711 2667 valde

512 2723 833 2806 displicet.
882 2723 990 2789 Ibi
1033 2728 1194 2791 eunt
1240 2725 1344 2791 bis
1390 2726 1753 2806 repetitum
1799 2743 1944 2791 non·
1973 2724 2269 2806 offendit,
2313 2725 2712 2807 praesertim

512 2862 665 2910 cum
736 2846 832 2911 sic
901 2847 1190 2911 secundo
1259 2847 1398 2912 loco
1458 2847 1749 2912 exsistat
1810 2846 2197 2912 allitteratio
2256 2849 2417 2912 sunt
2477 2846 2709 2912 subito.

514 2965 641 3032 Sed
689 2966 863 3047 quod
910 2968 1011 3032 ter
1049 2970 1360 3047 ponatur,
1388 2967 1540 3033 illud
1570 2968 1833 3034 defendi
1855 2985 1992 3034 non
2015 2984 2210 3050 posse
2233 2969 2397 3034 mihi
2420 2968 2707 3034 videtur.

516 3088 623 3152 Ab
674 3088 869 3153 initio
914 3104 1188 3154 versum
1237 3089 1445 3154 talem
1490 3089 1700 3155 fuisse
1746 3090 2080 3170 suspicor:
2138 3091 2251 3175 „In
2301 3091 2516 3157 Tusco
2562 3091 2709 3156 vico

510 3209 871 3275 invenietis
928 3210 1041 3291 qui
1089 3210 1217 3291 ipsi
1264 3227 1411 3276 sese
1457 3210 1880 3292 venditant'’;
1929 3211 2271 3277 librarium
2315 3214 2547 3279 autem
2593 3212 2710 3278 im-

514 3332 913 3413 prudentem
983 3335 1253 3414 propter
1316 3332 1854 3414 praecedentium
1916 3351 2238 3399 versuum
2302 3334 2435 3417 „ibi
2501 3333 2710 3399 sunt’'

513 3454 635 3518 hoc
681 3454 965 3519 scribere
1008 3455 1396 3537 perrexisse,
1446 3459 1810 3536 posteaque
1855 3455 1938 3520 ad
1985 3473 2260 3520 versum
2305 3455 2710 3537 explendum

513 3575 810 3640 homines
856 3575 1188 3640 insertum
1235 3592 1403 3641 esse.
1468 3577 1576 3641 Ab
1623 3577 1745 3641 hoc
1789 3577 2137 3642 invenietis
2184 3577 2480 3657 pendent
2524 3595 2708 3645 accu-

514 3696 718 3761 sativi
766 3695 1149 3776 interpolati
1196 3713 1433 3762 versus
1479 3697 1627 3779 483,
1680 3697 1966 3763 fortasse
2013 3698 2222 3763 etiam
2268 3714 2507 3764 versus
2555 3699 2708 3781 485,

512 3816 644 3881 etsi
689 3816 832 3882 fieri
878 3817 1121 3899 potest,
1171 3821 1252 3883 ut
1298 3818 1404 3884 hic
1450 3835 1691 3884 versus
1737 3817 2170 3899 explicandus
2217 3819 2326 3903 sit,
2379 3819 2554 3885 sicut
2601 3791 2711 3885 ex·

512 3938 784 4019 plicavit
831 3938 869 4004 J
873 3955 1116 4005 ORDAN.

604 4059 802 4125 Unus
862 4063 1080 4126 restat
1142 4078 1400 4141 verSUS,
1466 4059 1545 4126 de
1604 4077 1736 4141 quo
1782 4061 2000 4126 fusius
2047 4061 2532 4142 disputandum
2579 4066 2706 4130 est.

513 4180 638 4246 Est
683 4198 786 4246 vs.
835 4182 1002 4246 474:

586 4423 641 4488 1)
678 4419 714 4474 l.
748 4420 783 4476 l.
820 4440 869 4493 p.
909 4421 1012 4481 127
1047 4439 1121 4494 sq.
