3450 5350
1535 609 1619 674 25

481 791 836 854 amovetur
883 790 987 854 vel
1034 790 1479 855 amovendum
1528 791 1684 855 est?
1733 790 1830 854 Cf:
1880 791 2025 855 Ter.
2066 790 2274 854 Andr.
2319 788 2484 854 255:
2530 790 2675 874 „abi

483 909 663 974 cito
699 926 776 974 ac
831 910 1162 990 suspende
1208 909 1343 986 te'’‚
1369 913 1441 975 et
1487 911 1654 976 600:
1711 911 1907 997 „quid
1956 914 2267 976 causaest
2314 911 2476 992 quin
2524 910 2677 974 hinc

483 1033 551 1097 in
616 1033 974 1112 pistrinum
1036 1034 1279 1097 recta
1339 1031 1712 1112 proficiscar
1763 1031 1996 1097 via?’'
2042 1032 2211 1113 Quid
2260 1031 2524 1098 multa?
2570 1031 2678 1096 Di-

485 1157 702 1218 reetus
763 1153 1254 1218 restituendum
1318 1156 1426 1218 est
1487 1170 1601 1234 pro
1662 1154 1990 1218 dierectus
2051 1155 2322 1218 notione
2384 1154 2517 1218 fere
2571 1158 2675 1216 τοῦ

486 1278 660 1338 reeca
703 1276 829 1353 via,
881 1275 994 1339 sed
1040 1274 1379 1354 aliquanto
1429 1275 1649 1340 maius
1695 1276 1899 1340 habet
1935 1276 2193 1355 pondus
2232 1275 2681 1356 maioremque

485 1394 868 1476 emphasin‚.
916 1395 1012 1460 ita
1052 1398 1154 1460 ·ut
1201 1395 1376 1476 apud
1423 1396 1741 1461 Plautum
1789 1399 2061 1461 tanturn
2108 1413 2240 1461 non
2292 1412 2552 1476 semper
2598 1397 2680 1461 ab

482 1535 558 1583 eo
611 1520 993 1599 usurpetur,
1052 1517 1167 1597 qui
1223 1517 1440 1582 iratus
1494 1521 1620 1597 est,
1663 1517 2223 1598 quemadmodum
2262 1535 2383 1582 nos
2413 1517 2678 1582 locutio·

484 1655 637 1703 nem
707 1641 848 1724 „als
908 1639 986 1703 de
1047 1637 1378 1720 blilcsem'’,
1447 1639 1503 1702 si
1567 1638 1965 1718 alloquimur
2025 1656 2202 1714 eum,
2256 1655 2455 1720 quem
2501 1638 2681 1703 abire

485 1759 810 1844 iubemuS‚
863 1760 977 1824 vix
1025 1777 1324 1841 unquam
1384 1759 1511 1823 nisi
1576 1759 1733 1823 irati
1790 1759 2203 1836 adhibemuS‚
2252 1761 2565 1840 quamvis
2611 1760 2680 1824 in

484 1871 649 1962 ipsis
695 1881 918 1946 verbis
961 1881 1424 1946 contumeliosi
1474 1879 1638 1945 insit
1687 1881 1871 1944 nihil.

574 2002 881 2068 Direetus
941 2002 1296 2082 opponitur
1350 2001 1430 2078 τῷ
1479 2001 1841 2082 anfractus
1885 2002 2060 2083 apud
2109 2002 2476 2067 Varronem
2527 2001 2678 2066 L.L.

489 2126 548 2204 7,
602 2123 662 2198 2,
717 2125 833 2188 15:
903 2122 1011 2208 „in
1073 2122 1324 2187 directo
1376 2098 1620 2203 pedum
1666 2125 1835 2204 octe,
1883 2121 1952 2187 in
2001 2122 2301 2188 anfracto
2346 2123 2683 2189 sexdecim

486 2244 650 2328 (scil.
691 2247 952 2326 oportet
992 2260 1139 2309 esse
1181 2241 1457 2326 viam)’'.
1499 2243 1850 2309 Praeterea
1887 2244 2188 2309 vocabuli
2228 2245 2442 2310 nostri
2479 2263 2683 2311 causa

447 2366 570 2431 ‚cf.
636 2365 768 2430 Cic.
832 2365 986 2430 Nat.
1055 2365 1130 2429 D.
1193 2365 1246 2446 I,
1313 2366 1433 2429 69:
1506 2365 1640 2450 „ait
1702 2368 2029 2440 atomum,
2079 2382 2234 2430 cum
2283 2367 2567 2446 pondere
2612 2371 2682 2432 et

491 2489 824 2567 gravitate
883 2488 1133 2553 directa
1193 2487 1503 2551 deorsum
1563 2487 1839 2562 feratur,
1887 2485 2216 2552 declinare
2260 2488 2679 2569 paululum”;

492 2610 571 2693 II,
623 2609 780 2673 144:
843 2607 1206 2695 „(auditus)
1254 2608 1631 2673 flexuosum
1675 2609 1806 2672 iter
1852 2608 2071 2689 habet,
2112 2625 2195 2672 ne
2241 2609 2397 2691 quid
2433 2609 2683 2675 intrare

492 2733 722 2813 possit,
785 2733 843 2797 si
905 2730 1186 2812 simplex
1247 2734 1318 2795 et
1378 2731 1705 2795 directum
1752 2730 2093 2811 pateret’';
2142 2730 2349 2796 Acad.
2396 2731 2511 2812 IV,
2559 2733 2681 2796 66:

498 2854 854 2938 „directius
899 2852 1339 2934 gubernant.''

582 2975 833 3041 Notum
895 2979 1002 3041 est
1063 2974 1581 3056 compositorum
1646 2976 1996 3039 verborum
2052 2974 2342 3043 initiales
2392 2972 2685 3057 syllabas

490 3097 616 3161 dis·
679 3101 748 3162 et
807 3098 904 3161 de·
966 3097 1035 3161 in
1098 3096 1282 3161 libris
1347 3112 1545 3175 saepe
1607 3095 1940 3171 confundi,
1989 3099 2193 3177 atque
2238 3100 2504 3161 mature
2549 3095 2683 3161 iam

491 3220 655 3283 nata
708 3218 975 3283 videtur
1019 3217 1371 3293 dubitati0‚
1418 3220 1650 3282 utrum
1697 3220 1878 3281 esset
1925 3216 2345 3282 scribendum
2392 3217 2684 3283 directus

491 3359 578 3405 an
638 3341 937 3405 derectus
997 3340 1194 3423 (Men.
1264 3340 1393 3403 442
1445 3341 1498 3405 B
1562 3340 1777 3421 prima
1832 3358 2040 3405 manu
2086 3341 2285 3405 habet
2330 3340 2680 3420 derectum,

489 3462 698 3528 altera
757 3479 1003 3527 manus
1064 3478 1266 3541 supra
1329 3480 1360 3525 e
1419 3460 1688 3540 scripsit
1749 3461 1813 3535 i;
1877 3461 2071 3526 Most.
2120 3463 2162 3525 8
2219 3460 2267 3525 O
2292 3460 2378 3525 B2
2424 3461 2681 3542 directe,

492 3585 672 3649 Trin.
740 3584 866 3650 457
917 3582 1097 3648 codd.
1147 3582 1436 3648 Palatini
1483 3581 1769 3664 directe).
1818 3580 2257 3647 Grammatici
2302 3586 2683 3663 corruptam

492 3704 776 3769 formam
837 3705 1214 3784 legitimum
1273 3721 1421 3769 esse
1470 3702 1867 3768 vocabulum
1904 3701 2161 3783 opinari
2214 3712 2572 3783 coeperunt
2616 3708 2683 3769 et

493 3827 588 3893 sic
627 3826 735 3890 illa
778 3843 929 3901 Vox,
957 3825 1268 3907 quamvis
1307 3826 1398 3889 sit
1437 3824 1646 3905 nihili,
1681 3826 1748 3888 in
1795 3824 2139 3905 plerosque
2183 3825 2357 3889 locos
2395 3825 2683 3905 irrepsit.

492 3946 893 4011 Praesertim
959 3963 1195 4010 versus
1255 3944 1485 4026 quales
1549 3948 1712 4009 sunt
1765 3944 1961 4009 Most.
2010 3945 2142 4009 850
2186 3949 2257 4010 et
2302 3945 2503 4010 Poen.
2554 3945 2681 4011 347

491 4070 761 4148 propter
819 4066 976 4132 illud
1037 4068 1113 4131 in
1174 4068 1416 4131 malam
1486 4084 1749 4130 crucem
1798 4082 1912 4130 eos
1959 4065 2028 4131 in
2074 4082 2363 4133 errorem
2412 4066 2684 4131 duxisse

492 4186 849 4252 verisimile
895 4191 1020 4253 est.
1391 4260 1396 4263 ,

582 4286 918 4389 Plerisque
963 4308 1122 4374 locis
1164 4308 1379 4373 forma
1423 4284 1582 4373 vera
1627 4307 1913 4391 restitui,
1942 4311 2165 4387 potest
2203 4309 2347 4373 sine
2386 4307 2519 4373 ulla
2556 4306 2685 4373 alia

492 4429 885 4495 mutatione.
926 4429 1160 4495 Bacch.
1191 4427 1320 4495 579
1355 4446 1472 4510 pro
1513 4429 1732 4493 recede
1769 4427 1913 4509 lego
1937 4446 2090 4494 cum
2114 4430 2371 4495 Bormo
2388 4430 2680 4517 recedam.
