3450 5350
1771 575 1897 640 136

722 761 874 843 quis
932 776 1008 825 os
1060 758 1189 824 sibi
1234 758 1647 824 subleverit‘?
1693 755 2069 823 Curculioni
2115 760 2509 822 narraverat
2554 758 2806 841 Lyconi
2853 774 2925 822 se

724 882 1100 957 mandasse,
1161 884 1242 946 ut
1302 881 1489 953 daret
1549 898 1837 964 operam,
1902 882 1982 945 ut
2030 879 2217 958 virgo
2263 880 2641 945 traderetur
2685 880 2762 965 ei,
2815 880 2928 962 qui

722 1003 1003 1069 tabellas
1042 1020 1163 1067 suo
1198 1001 1396 1067 anulo
1434 1001 1820 1081 obsignatas
1857 1019 1898 1067 a
1935 1017 2008 1066 se
2037 1001 2382 1067 attulisset
2406 1002 2530 1085 (vs.
2562 1001 2694 1065 346
2721 1002 2922 1083 sqq.);

724 1124 1028 1190 Curculio
1074 1110 1249 1204 post'
1272 1140 1507 1188 cenam
1552 1122 1776 1189 subito
1823 1122 2110 1204 abierat;
2159 1126 2313 1203 post
2333 1123 2762 1189 -Curculionis
2802 1123 2925 1189 dis·

724 1264 989 1313 cessum
1042 1246 1243 1312 anulo
1289 1245 1633 1326 privatum
1680 1261 1753 1310 se
1799 1248 2246 1325 compererat;
2296 1243 2598 1311 Curculio
2645 1245 2927 1326 denique

724 1368 1122 1450 Epidaurius
1180 1370 1325 1431 erat
1384 1369 1587 1447 atque
1648 1366 1744 1431 rei
1809 1365 2251 1431 sciscitandae
2302 1365 2813 1447 cupidissimum
2857 1382 2930 1431 se

725 1491 1057 1567 gesserat:
1151 1493 1233 1553 ut
1299 1487 1531 1568 opinor
1600 1486 2024 1552 sufficiebant
2092 1486 2256 1569 haec
2322 1489 2403 1551 ut
2465 1487 2926 1555 Curculionem

724 1609 915 1675 illum
960 1608 1085 1673 sibi
1124 1609 1444 1674 nexuisse
1481 1607 1707 1673 dolum
1745 1606 2162 1687 intelligeret.
2204 1585 2526 1689 Primum,
2553 1598 2710 1674 cum
2747 1609 2926 1691 Lyco

727 1731 854 1796 sibi
916 1733 1235 1806 narraret,
1284 1730 1437 1812 quid
1486 1730 1746 1794 factum
1793 1731 1995 1805 esset,
2043 1729 2238 1793 hunc·
2267 1745 2340 1797 se
2387 1729 2684 1810 decipere
2729 1731 2930 1796 credi-

725 1856 935 1930 derat,
1000 1871 1179 1920 nunc
1231 1857 1481 1937 autem,
1532 1869 1689 1917 cum
1733 1852 1885 1917 leno
1929 1851 2165 1916 eadem
2209 1856 2710 1933 commemorat,
2761 1852 2925 1933 cogi·

727 1979 871 2041 tare
918 1975 1151 2056 incipit
1196 1981 1319 2053 (vs.
1372 1974 1500 2040 583
1546 1991 1740 2059 „cum
1781 1970 2067 2053 cogito”)
2105 1976 2176 2037 et
2213 1972 2552 2054 extemplo
2592 1972 2923 2053 intelligit,

727 2098 878 2179 quis
918 2097 1032 2173 sit,
1071 2097 1185 2178 qui
1224 2097 1428 2162 verba
1469 2096 1596 2161 sibi
1634 2094 1911 2160 dederit.
1944 2094 2040 2160 Of.
2083 2096 2228 2160 Ter.
2263 2095 2432 2160 Eun.
2465 2095 2630 2161 727:
2680 2096 2924 2179 „Attat

726 2219 885 2283 data
928 2217 1143 2282 hercle
1192 2218 1393 2283 verba
1441 2216 1605 2282 mihi
1652 2216 1858 2281 sunt”
1905 2220 2108 2297 atque
2155 2216 2401 2280 Donati
2448 2216 2797 2281 annotatio
2839 2216 2922 2280 ad

727 2340 906 2404 hunc
974 2356 1279 2406 versum:
1358 2341 1579 2423 „attat
1649 2336 2024 2403 interiectio
2093 2339 2200 2401 est
2259 2334 2585 2418 paulatim
2631 2336 2925 2417 percepti

727 2464 930 2541 atque
976 2459 1298 2525 intellecti
1347 2460 1572 2525 mali.''
