3450 5350
1551 607 1638 676 75

499 789 646 870 9er
680 817 761 842 =
810 790 1027 856 lantes
1090 791 1334 867 Tonen,
1407 791 1705 868 Brullen,
1763 792 1982 873 Spott‚
2044 781 2393 874 Ubermut,
2458 789 2697 872 Hohn}

497 910 713 991 yelfen
761 939 842 964 =
893 911 1216 987 schreien‚
1263 913 1648 992 ubermntig
1693 913 1859 988 sein,
1908 913 2204 993 prahlen.
2276 913 2363 976 Et
2406 911 2698 977 animad-

502 1033 732 1096 vertas
791 1047 1040 1112 quaeso
1092 1032 1312 1114 ipsam
1356 1032 1530 1098 hanc
1575 1033 1717 1098 vim
1764 1032 2449 1114 significationemque
2492 1033 2697 1114 requi-

500 1143 644 1216 rere
690 1151 1104 1219 Curculionis
1153 1170 1425 1219 versum
1475 1189 1555 1202 —
1606 1171 1768 1219 nam
1806 1155 2116 1230 eundem,
2155 1170 2355 1235 quem
2392 1153 2699 1235 halapan-

501 1276 642 1339 tem
687 1275 777 1339 an'
823 1278 1266 1356 sucopantam
1311 1279 1492 1342 recte
1538 1277 1717 1341 dicat
1757 1275 1993 1353 nescit,
2034 1275 2471 1341 antecedente
2494 1291 2697 1340 versu

443 1451 446 1456 .
500 1398 894 1474 nugatorem
955 1395 1248 1476 lepidum
1309 1397 1474 1462 dicit
1528 1397 1874 1476 choragros,
1925 1400 2249 1478 sequente
2292 1413 2451 1461 vero
2496 1412 2709 1461 versu.

500 1519 916 1582 ‘ornamenta
960 1533 1130 1598 quae
1170 1518 1383 1583 loca-vi
1422 1521 1650 1584 metuo
1689 1520 1769 1582 ut
1809 1518 2061 1598 possim
2098 1516 2407 1598 recipere'
2448 1517 2701 1581 indicat

502 1640 906 1718 sucopantae
953 1655 1198 1704 nomen
1239 1638 1310 1721 (i.
1334 1655 1390 1712 e.
1434 1642 1744 1722 nostrum
1784 1639 2137 1723 Betriiyer)
2176 1638 2393 1717 magis
2415 1638 2485 1703 in
2510 1637 2698 1703 illum

501 1758 822 1839 quadrare
877 1759 1006 1824 sibi
1051 1760 1283 1826 videri.
1333 1759 1691 1841 opponitur
1736 1776 1890 1839 ergo
1936 1763 2305 1841 sucopanta
2349 1758 2699 1825 hominum

500 1879 762 1945 cuidam
821 1882 1044 1960 generi
1090 1881 1262 1963 quod
1310 1898 1718 1964 quamquam
1769 1882 2199 1963 nugatorium
2244 1881 2412 1946 bene
2457 1880 2701 1946 dicitur

500 2004 733 2068 tamen
791 2019 832 2067 a
891 2003 1248 2069 deterrimo
1308 2005 1829 2085 sucopantarum
1885 2003 2555 2084 defraudatorumque
2599 2018 2699 2082 ge<-

501 2139 659 2188 nere
701 2123 958 2205 differt3
1006 2124 1158 2190 vide
1203 2142 1288 2190 ne
1334 2124 1513 2190 hunc
1551 2142 1832 2190 sensum
1870 2124 2167 2206 requirat
2206 2137 2485 2188 versus:
2509 2124 2700 2190 einen

502 2243 750 2310 blo-seen
795 2245 1090 2311 Prahler
1133 2246 1290 2312 oder
1326 2246 1656 2327 yeradezu
1693 2248 1885 2312 einen
1921 2246 2247 2327 Betraezqer
2282 2263 2546 2311 mmmm
2582 2243 2709 2312 soll
2790 2281 2799 2290 ·

505 2382 562 2431 e.
590 2382 652 2447 q.
679 2383 734 2431 s.
796 2366 986 2447 isque
1048 2383 1255 2448 quam
1318 2368 1614 2434 maxime
1675 2368 1757 2433 ad
1820 2367 2007 2434 Festi
2053 2366 2382 2448 Noniique
2428 2365 2701 2432 voculae

505 2487 682 2552 illius
743 2487 1334 2568 interpretationes
1394 2488 1682 2572 accedat,
1742 2488 1861 2570 qui·
1900 2489 2331 2570 halapantam
2378 2488 2701 2553 mentien-

505 2611 648 2675 tem
708 2609 1304 2691 interpretantur'’.
1373 2610 1470 2676 Ut
1531 2610 1668 2676 iam
1729 2609 1889 2693 dixi,
1953 2625 2085 2675 non
2143 2608 2309 2675 facio
2354 2625 2510 2673 cum
2556 2609 2701 2675 viro

503 2733 714 2799 docto.
765 2733 940 2798 Vere
985 2731 1252 2814 quidem
1296 2732 1685 2799 observavit
1731 2730 2222 2813 sycophantam
2245 2731 2484 2811 opponi
2504 2729 2702 2795 alicui

504 2855 778 2937 homini,
823 2855 958 2936 qui,
1005 2870 1414 2937 quamquam
1459 2856 1748 2933 nugator
1794 2854 1975 2917 recte
2020 2852 2147 2917 dici
2182 2854 2427 2934 potest,
2468 2854 2699 2917 tamen

504 2977 728 3042 differt
793 2994 835 3042 a
903 2977 1474 3059 sycophantarum
1540 2977 1582 3039 i.
1609 2991 1665 3040 e.
1736 2974 2190 3040 fraudatorem
2252 2990 2511 3053 genere.
2574 2974 2699 3039 Sed

505 3115 672 3179 nego
744 3098 1165 3179 gloriatorem
1232 3097 1336 3163 vel
1407 3098 1803 3163 iactatorem
1868 3096 1894 3172 (
1904 3092 2265 3183 „Schreier‚
2336 3096 2705 3182 Prahler”)

505 3220 633 3286 dici
699 3237 896 3302 posse
961 3208 1256 3303 lepidum
1324 3222 1747 3298 nugatorem,
1812 3219 1995 3284 sicut
2056 3218 2360 3284 Curculio
2425 3221 2707 3284 vocatur

507 3358 606 3405 vs.
657 3341 810 3405 463.
881 3340 1268 3422 Requiritur
1325 3356 1479 3419 ergo
1523 3356 1791 3422 nornen,
1840 3339 2015 3420 quod
2062 3342 2135 3404 et
2179 3342 2553 3421 opponatur
2598 3354 2701 3422 sy-

506 3463 875 3545 cophantae
936 3462 1190 3527 nomini
1251 3464 1322 3527 et
1367 3461 1638 3542 perinde
1685 3464 1893 3543 atque
1937 3461 2071 3527 hoc·
2107 3461 2295 3546 (nam
2342 3462 2549 3526 etiam
2596 3478 2699 3543 sy-

506 3576 837 3666 cophanta
880 3584 1084 3649 certis
1126 3584 1626 3649 condicionibus
1668 3582 1927 3665 lepidus
1960 3585 2247 3662 nugator
2284 3582 2431 3648 dicia
2450 3581 2705 3665 potest)

506 3707 788 3788 quadret
849 3708 920 3771 in
977 3705 1176 3786 lepidi
1237 3706 1583 3785 nugatoria
1641 3686 2178 3786 appellationem.
2243 3701 2426 3784 Quod
2469 3705 2703 3768 autem

508 3844 752 3893 nomen
806 3827 914 3892 hic
961 3827 1176 3907 magis
1219 3828 1458 3906 aptum
1495 3828 1610 3891 est
1656 3841 1863 3905 quam
1908 3824 2237 3890 Graecum
2287 3823 2645 3902 αἱλοφάντης
2669 3824 2708 3888 ‘1'

511 3946 906 4027 Ἀλοφάντης
969 3947 1030 4013 is
1075 3952 1203 4023 est,
1252 3948 1366 4028 qui
1411 3948 1622 4025 <paim
1671 3942 1838 4014 ἅλας
1886 3945 1929 4009 1.
1956 3961 2012 4010 e.
2062 3945 2175 4026 qui
2221 3944 2536 4026 ostendit,
2585 3944 2703 4025 qui

504 4070 574 4136 in
637 4087 709 4136 se
771 4069 975 4134 habet
1031 4068 1321 4150 leporem
1384 4072 1456 4133 et
1517 4068 1846 4134 astutiam
1910 4066 2015 4147 (cf.
2064 4067 2211 4133 Cas.
2263 4069 2391 4133 218
2438 4070 2510 4132 et
2556 4067 2708 4131 Ten·

503 4188 678 4257 Eun.
750 4190 932 4276 400).
999 4191 1281 4257 Luditur
1349 4190 1594 4271 duplici
1653 4189 2135 4269 significatione
2194 4191 2382 4255 verbi
2438 4187 2701 4269 <patum

507 4313 712 4381 Vides
756 4314 1271 4395 explicationem
1316 4312 1674 4379 admodum
1712 4327 1863 4377 esse
1902 4311 2272 4391 simplicem
2295 4314 2499 4393 atque
2522 4310 2703 4375 viros

507 4436 736 4501 doctos
780 4436 1044 4515 longius
1089 4434 1502 4516 quaesivisse
1546 4434 1720 4516 quod
1768 4437 1916 4501 erat
1958 4446 2115 4514 prae
2161 4428 2489 4499 manibus.
