3450 5350
1567 600 1652 664 55

603 777 781 842 Bnrx
812 775 858 858 ¹)
921 780 1082 843 ante
1146 794 1250 843 vs.
1312 778 1443 845 364
1490 780 1803 844 lacunam
1850 779 2120 853 statuit,
2167 779 2323 859 quia
2372 781 2711 862 parasitus

512 898 806 964 nondum
869 899 1130 982 dixerit,
1194 899 1354 982 quid
1417 899 1615 965 anulo
1677 899 1891 965 facere
1955 900 2176 980 vellet,
2242 917 2453 983 neque
2509 902 2710 968 Phae·

514 1018 785 1085 dromus
847 1019 1059 1086 dicere
1116 1020 1331 1102 possit
1401 1019 1699 1105 „laudo”‚
1748 1020 1988 1101 quippe
2035 1020 2150 1102 qui
2197 1021 2494 1088 nondum
2540 1024 2711 1106 quio-

514 1157 719 1222 quam
775 1142 857 1206 de
901 1142 1182 1222 parasiti
1226 1142 1500 1208 consilio
1545 1142 1895 1225 audiverit,
1946 1159 2103 1207 cum
2148 1147 2378 1208 tamen
2426 1161 2528 1208 vs.
2579 1144 2711 1208 365

515 1265 586 1327 et
646 1261 778 1328 369
837 1279 934 1344 sq.
984 1263 1108 1328 hoc
1149 1262 1503 1329 consilium
1549 1263 1983 1344 significetur.
2056 1263 2299 1339 Gron‘m
2348 1265 2462 1345 qui
2506 1265 2713 1344 igitur

513 1386 742 1449 censet
793 1382 1071 1467 „laudo”
1118 1384 1368 1465 optime
1413 1384 1495 1450 ad
1535 1385 1999 1466 praecedentia
2036 1384 2263 1450 referri
2303 1403 2514 1468 posse,
2558 1403 2712 1451 non·

513 1504 694 1570 nulla
755 1505 1088 1571 desiderat
1146 1508 1301 1587 post
1347 1523 1449 1571 vs.
1500 1505 1666 1586 364;
1718 1504 1877 1570 facit
1924 1521 2078 1584 ergo
2124 1523 2278 1570 cum
2328 1507 2570 1572 Bmxro
2614 1523 2711 1570 ar·

516 1627 799 1692 bitranti
861 1627 1215 1693 nonnullos
1261 1626 1536 1707 periisse
1583 1643 1843 1707 versuS,
1893 1627 2135 1708 quibus
2182 1627 2523 1709 parasitus
2568 1642 2713 1692 con·

517 1747 741 1814 silium
802 1764 1005 1812 suum
1052 1747 1455 1827 exposuerit.
1503 1747 1639 1812 on
1686 1763 1999 1812 scaenam
2046 1747 2464 1812 decurtatam
2512 1747 2713 1811 ducit.

515 1868 839 1952 Equidem
885 1867 1051 1933 nihil
1095 1869 1365 1933 omnino
1410 1867 1771 1933 desiderari
1810 1871 1993 1949 puto.
2043 1867 2217 1932 Nam
2258 1885 2480 1934 nonne
2521 1867 2715 1948 plane

511 1990 946 2072 perspicuum
991 2005 1140 2054 esse
1186 1988 1382 2053 debet
1427 1987 1854 2068 Phaedrome,
1905 1987 2063 2069 quid
2110 1988 2390 2068 parasiti
2435 1988 2529 2052 sit
2570 2003 2715 2052 con·

516 2111 742 2176 silium
760 2111 795 2175 ἱ)
851 2107 1090 2175 Nonne
1150 2108 1616 2175 Curculionem
1678 2110 2069 2174 narrantem
2126 2108 2385 2173 audivit
2428 2111 2500 2172 et
2543 2107 2720 2173 inter

514 2232 820 2297 lenonem
865 2248 943 2296 ac
991 2229 1276 2295 militem
1323 2230 1739 2312 convenisse,
1788 2232 1869 2295 ut
1914 2231 2029 2310 qui
2069 2228 2347 2294 tabellas
2372 2229 2718 2295 attulisset

515 2353 752 2418 militis
797 2353 1184 2432 obsignatas
1229 2353 1448 2433 anu10,
1497 2352 1847 2418 mulierem
1870 2351 2217 2433 acciperet,
2243 2353 2314 2416 et
2336 2369 2409 2417 se
2432 2350 2707 2416 anulum

517 2473 716 2539 militi
739 2473 1136 2540 subduxisse
1151 2472 1186 2537 Ῥ
1220 2472 1458 2538 Nonne
1481 2473 1942 2554 unusquisque
1965 2471 2257 2538 fabulam
2280 2472 2506 2551 legens
2528 2488 2707 2536 nunc

514 2597 753 2662 statim
813 2595 1144 2678 intelligit,
1209 2595 1367 2677 quid
1411 2596 1752 2678 parasitus
1797 2594 1867 2661 in
1914 2595 2141 2660 animo
2186 2593 2480 2660 habeat?
2528 2592 2707 2656 Num

513 2719 868 2799 quisquam
905 2721 1240 2799 spectator
1276 2719 1359 2783 de
1395 2718 1540 2783 eius
1581 2717 1855 2783 consilio
1879 2719 2179 2783 incertus
2207 2716 2460 2783 fuerit?
2506 2715 2708 2780 Phae·
2766 2697 2774 2708 ⁵

512 2840 787 2905 dromus
825 2857 898 2905 se
936 2840 1355 2921 perspexisse
1379 2839 1712 2919 significat
1740 2839 1998 2905 dicens:
2033 2838 2327 2923 „laudo”.
2370 2836 2706 2916 Quomodo

499 2958 743 3027 ‘autem
815 2962 1035 3027 ΘΟΕΠΖ
1096 2965 1335 3043 putare
1398 2961 1612 3042 possit
1673 2960 1813 3026 fieri
1883 2961 2197 3044 potuisse,
2264 2963 2343 3025 ut
2404 2957 2705 3024 Curculio

514 3080 940 3159 PhaedromO,
991 3080 1106 3161 qui
1148 3080 1530 3145 laudatione
1567 3096 1692 3144 sua
1729 3079 2041 3144 ostendit·
2064 3077 2417 3144 consilium
2456 3094 2549 3144 se‘
2566 3094 2703 3160 per-

407 3205 413 3212 ’
513 3201 815 3283 spexisse
862 3200 1069 3283 (omni
1114 3199 1296 3265 enim
1345 3200 1684 3265 sententia
1732 3216 1901 3265 sana
1952 3200 2229 3285 „laudo”
2264 3203 2510 3281 careat,
2573 3199 2706 3264 nisi

512 3322 634 3387 hoc
715 3321 1165 3403 accipiamus),
1250 3323 1478 3385 tamen
1547 3320 1670 3385 hoc
1736 3320 2113 3401 explicaret,
2186 3338 2295 3387 me
2364 3321 2701 3404 praeterit.

512 3441 817 3508 Curculio
885 3442 1197 3508 laudandi
1242 3442 1539 3507 nondum
1587 3445 1859 3522 tempus
1902 3458 2051 3507 esse
2095 3442 2477 3507 existimat:
2535 3444 2703 3527 „lau-

511 3564 709 3629 dato”
755 3564 854 3629 ait
907 3563 1210 3649 „quando
1256 3562 1416 3628 illud
1463 3563 1634 3643 quod
1681 3563 1870 3643 cupis
1909 3562 2203 3628 effecero.
2254 3562 2449 3629 Nunc
2470 3580 2703 3629 eamus

512 3685 690 3750 intro
761 3684 829 3766 (i.
856 3703 912 3750 e.
987 3692 1189 3749 ‘nunc
1259 3685 1484 3765 potius
1545 3683 1724 3749 intro
1782 3700 2037 3766 eamuS,
2100 3685 2411 3751 laudandi
2469 3688 2703 3767 postea

510 3805 638 3870 erit
684 3806 1024 3888 tempus’),
1075 3809 1154 3872 ut
1201 3806 1480 3871 tabellas
1525 3806 2062 3885 consignemus”.

584 4034 640 4103 1)
675 4032 829 4087 Neue
863 4031 1194 4088 Jahrbiicher
1231 4033 1386 4096 1870,
1425 4049 1473 4102 p.
1514 4032 1633 4085 765.

1393 4314 1829 4324 -,------
