3450 5350
1530 607 1617 671 99

478 786 661 851 mina
706 785 861 850 ficta
905 785 1335 865 arbitrentur,
1377 785 1595 864 ipsam
1630 785 1983 851 historiam
2022 803 2251 852 veram
2289 801 2438 850 esse
2477 800 2669 864 posse

476 906 891 972 existiment.
959 905 1329 981 Historiam
1375 905 1598 985 ipsam
1643 905 1874 971 fictam
1921 923 2067 972 esse
2113 907 2318 973 etiam
2364 906 2516 971 inde
2562 923 2667 986 ap·

478 1032 688 1109 paret,
734 1028 906 1109 quod
952 1030 1094 1092 tam
1121 1028 1304 1093 varie
1343 1027 1667 1093 traditur:
1696 1028 1838 1093 'alio
1860 1027 1998 1092 loco
2019 1027 2304 1107 legimus
2327 1031 2668 1105 statutum

478 1142 667 1225 esse,¹
716 1152 796 1214 ut
864 1149 934 1213 in
1002 1148 1278 1214 aedibus
1338 1150 1611 1230 opsonia
1680 1149 2144 1225 venderent-ur,
2206 1149 2333 1215 alio
2394 1149 2665 1214 domum

477 1272 771 1335 dirutam
832 1285 1002 1345 esse,
1062 1268 1188 1335 alio
1248 1286 1285 1335 e
1339 1270 1528 1335 bonis
1575 1268 1929 1350 publicatis
1975 1268 2188 1335 scalas
2234 1269 2431 1334 deum
2479 1284 2669 1349 penae

479 1391 654 1456 tium
724 1390 1104 1456 aedificatas
1171 1406 1338 1456 esse.
1410 1391 1555 1457 Non
1627 1394 1858 1456 autem
1920 1390 2063 1455 veri
2123 1388 2443 1455 dissimile
2503 1388 2665 1454 mihi

482 1514 747 1579 videtur
804 1513 1153 1594 aliquando
1198 1530 1283 1577 ex
1331 1514 1802 1579 damnatorum
1848 1513 2122 1578 aedibus
2168 1512 2410 1577 dirutis
2457 1511 2669 1578 scalas

482 1636 681 1701 deum
742 1635 1090 1716 penatium
1152 1635 1535 1701 aedificatas
1594 1653 1779 1716 esse3
1837 1636 1896 1701 si
1941 1636 2133 1700 cuius
2179 1635 2417 1700 domus
2463 1634 2668 1698 dirue·

484 1758 700 1837 batur,
750 1757 1070 1822 nimirum
1116 1760 1393 1838 penates
1436 1775 1693 1838 quoque
1731 1757 2252 1839 expellebantur,
2291 1760 2493 1838 atque
2532 1758 2669 1821 irae

483 1880 1021 1944 averruncandae
1082 1896 1284 1944 causa
1334 1879 1455 1943 tali
1500 1880 1571 1944 in
1618 1896 1688 1944 re
1743 1898 1782 1945 a
1830 1879 2151 1946 Romanis
2197 1883 2475 1960 penates
2520 1878 2672 1943 civi·

484 2000 651 2066 tatis
707 1999 929 2082 aliqua
987 2004 1177 2080 grat-a
1235 2005 1638 2082 acceptaque
1697 2018 1769 2065 re
1826 2018 1975 2067 esse
2034 2002 2309 2067 affectos
2355 2017 2673 2081 perquam

485 2121 841 2188 verisimile
885 2126 1013 2187 est.
1060 2124 1259 2188 Anno
1306 2126 1539 2188 autem
1588 2122 1717 2189 575
1765 2123 1834 2188 in
1883 2124 2102 2189 media
2148 2125 2308 2188 urbe
2355 2124 2521 2188 duos
2568 2122 2675 2187 ho-

486 2244 702 2309 mines
748 2244 1050 2325 potuisse
1088 2244 1508 2309 latrocinium
1546 2260 1850 2309 exercere
1889 2246 1959 2309 et
2000 2243 2249 2319 multos
2289 2240 2672 2319 περικόπτειν

485 2364 760 2448 (dixeris
830 2382 1209 2431 sermonem
1268 2365 1412 2430 fieri
1470 2365 1551 2430 de
1610 2365 1831 2445 aliquo
1891 2364 2078 2448 Cac0,
2143 2369 2215 2430 et
2275 2364 2672 2431 Plutarchus

483 2486 684 2551 verbo
729 2486 838 2551 illo
882 2490 1085 2552 utens
1128 2489 1417 2567 cogitare
1462 2486 1733 2552 videtur
1777 2486 1856 2550 de
1902 2486 2171 2551 nomine
2217 2485 2472 2551 macelli
2509 2489 2670 2551 nato

482 2626 519 2673 e
580 2608 922 2675 mactandi
974 2609 1200 2689 verbo)
1246 2608 1423 2673 credi
1470 2608 1721 2690 nequit.
1791 2608 2164 2690 Etymologi
2212 2609 2442 2673 autem
2487 2607 2669 2671 illam

482 2731 833 2796 historiam
879 2730 1144 2795 aedium
1191 2729 1590 2806 dirutarum,
1629 2746 1665 2794 e
1702 2730 1943 2811 quibus
1983 2730 2198 2795 scalae
2236 2730 2434 2795 deum
2475 2746 2670 2810 pena-

482 2853 657 2918 tium
715 2852 1101 2917 aedificatae
1158 2852 1319 2927 sint,
1366 2851 1790 2917 coniunxisse
1836 2852 2150 2917 videntur
2197 2868 2351 2916 cum
2397 2850 2669 2916 macello

482 2978 683 3054 atque
728 2973 867 3039 foro
910 2973 1378 3055 cuppedinario
1422 2976 1689 3055 propter
1736 2974 1971 3039 horum
2009 2975 2080 3037 et
2117 2973 2302 3038 aedis
2325 2974 2670 3053 penatium

482 3095 923 3171 vicinitatem,
988 3098 1063 3160 at
1124 3095 1443 3161 nimirum
1502 3095 1780 3160 minime
1833 3095 2282 3160 necessarium
2327 3097 2434 3160 est
2478 3094 2549 3158 in
2594 3111 2673 3158 ea

484 3217 667 3283 urbis
730 3221 920 3297 parte
979 3216 1174 3282 aedes
1235 3216 1383 3282 illas
1440 3217 1610 3282 sitas
1656 3217 1883 3292 fuisse,
1930 3216 2044 3281 ubi
2090 3234 2133 3297 p
2148 3232 2186 3281 o
2204 3235 2238 3281 s
2254 3219 2285 3280 t
2302 3233 2338 3281 e
2353 3233 2395 3281 a
2441 3215 2676 3280 macel-

483 3340 624 3404 lum
669 3338 894 3404 fuerit.
956 3338 1139 3419 Quod
1183 3341 1414 3403 autem
1460 3338 1703 3403 Festus
1750 3338 2055 3402 nominat
2099 3354 2408 3404 censores
2453 3337 2674 3402 Aemi·

482 3459 648 3527 lium
694 3462 764 3524 et
810 3457 1145 3535 Fulvium,
1193 3458 1352 3524 illud
1398 3475 1531 3524 non
1570 3459 1798 3537 magni
1835 3475 1981 3524 esse
2005 3458 2331 3524 momenti
2353 3457 2670 3536 arbitror3

484 3599 698 3662 neque
750 3581 933 3647 enim
978 3582 1249 3646 constat
1293 3596 1603 3646 censores
1648 3580 1810 3644 anni
1859 3580 1988 3645 575
2036 3579 2320 3660 spectari
2367 3582 2436 3644 et
2483 3578 2673 3642 facile
2723 3669 2730 3678 ἱ

484 3702 765 3767 Festum
803 3700 909 3765 vel
934 3700 1246 3766 Verrium
1273 3700 1599 3784 Flaccum,
1626 3703 1705 3765 ut
1730 3699 1860 3765 illis
1895 3700 2294 3783 censoribus,
2321 3714 2488 3780 quos
2511 3698 2672 3763 locis

480 3821 759 3902 publicis
830 3819 1255 3886 aedificandis
1324 3824 1598 3885 strenue
1667 3836 1936 3901 operam
2006 3819 2263 3884 dedisse
2330 3835 2417 3883 ex
2484 3816 2673 3882 Livio

482 3941 899 4024 perspicitur,
972 3940 1343 4005 tribuerent
1412 3941 1585 4021 quod
1650 3957 1882 4006 eorum
1943 3956 2077 4005 non
2140 3942 2306 4014 erat,
2369 3937 2511 4018 ipse
2571 3935 2678 4001 ille

483 4061 658 4127 Livii
726 4060 911 4127 locus
978 4059 1301 4126 adducere
1367 4062 1607 4142 potuit.
1687 4059 1785 4124 De
1853 4076 1983 4140 quo
2049 4076 2230 4124 nunc
2292 4058 2676 4124 videamus:

486 4183 765 4252 Fulvius
836 4181 1011 4246 locat
1063 4181 1316 4266 „forum
1365 4181 1796 4261 piscatorium
1844 4180 2274 4245 circumdatis
2318 4177 2677 4244 tabernis''.

488 4305 793 4370 Ussmcns
847 4303 972 4368 hoc
1016 4305 1323 4381 segregat
1367 4320 1408 4367 a
1451 4300 1723 4368 macello
1771 4301 2131 4384 aedificato,
2179 4305 2368 4365 ratus
2413 4298 2681 4364 Livium

488 4424 838 4490 macellum
899 4440 1034 4487 non
1094 4439 1632 4503 commemorare,
1697 4423 1856 4504 quia
1916 4438 2052 4487 non
2102 4423 2529 4486 exstructum
2593 4416 2687 4481 sit
