3450 5350
1775 580 1902 646 130

736 753 1005 835 signum
1044 758 1298 836 militis,
1338 763 1540 842 atque
1578 736 1615 827 1'
1647 767 1717 828 et
1754 764 1956 830 editio
1994 765 2301 847 princeps
2326 766 2528 831 verba
2555 764 2726 845 quod
2749 779 2936 827 man·

734 876 915 942 dasti
950 896 1000 943 e.
1028 898 1087 961 q.
1114 899 1168 944 s.
1212 882 1523 949 tribuunt
1546 884 1817 968 Lyconi.
1851 885 1978 952 Pro
2002 887 2216 968 priore
2238 888 2368 969 feci
2389 886 2420 951 Ι
2443 889 2604 951 ante
2629 900 2936 949 rasuram

733 1001 804 1064 et
865 1000 929 1066 V
988 1004 1060 1067 et
1111 1003 1314 1069 editio
1359 1005 1665 1088 princeps
1710 1007 1962 1073 habent
2007 1009 2240 1090 fecisti.
2293 1009 2584 1076 Versum
2632 1005 2937 1087 pluribus

733 1121 948 1187 modis
1007 1125 1358 1190 emendare
1420 1127 1644 1193 conati
1690 1132 1854 1194 sunt
1901 1130 2029 1195 viri
2075 1130 2270 1196 docti.
2317 1131 2631 1196 PYLADns
2675 1145 2762 1193 ex
2809 1126 2934 1191 edi-

730 1241 937 1308 tionis
982 1246 1301 1327 principis
1346 1246 1656 1315 lectione:

913 1366 1053 1431 ΤΗ.
1098 1367 1266 1449 Quid
1311 1370 1574 1436 fecisti?
1616 1369 1690 1437 L.
1733 1372 1915 1453 Quod
1957 1373 2298 1440 mandasti
2334 1374 2480 1453 feci,
2521 1373 2625 1438 tui
2664 1371 2934 1437 honoris

1565 1560 1572 1566 ‚
2567 1492 2844 1577 [gratia

728 1608 903 1675 delet
960 1609 1105 1692 feci,
1153 1611 1476 1679 Gomros
1521 1617 1639 1680 tui.
1689 1616 1974 1681 Munna-R
2005 1615 2052 1701 ¹)
2099 1620 2169 1682 et
2216 1618 2470 1683 Ussmo
2515 1615 2931 1681 arbitrantur

729 1731 1047 1797 nonnulla
1112 1734 1549 1817 intercidisse,
1615 1737 1754 1802 scil.
1819 1739 2409 1818 interrogationem
2472 1737 2708 1802 militis
2770 1734 2930 1816 quid

729 1854 1153 1921 mandaverit
1226 1861 1429 1939 atque
1505 1875 1904 1939 responsum
1981 1861 2286 1942 Lyconis.
2366 1859 2543 1940 Quos
2616 1858 2929 1923 Leonum

726 1979 1037 2040 secutum
1098 1993 1245 2042 esse
1306 1996 1509 2061 supra
1569 1980 1730 2056 dixi,
1793 1982 1907 2046 ubi
1966 1982 2166 2047 simul
2228 1981 2538 2060 indicavi,
2588 1978 2745 2061 quid
2795 1977 2929 2042 fere

726 2095 1171 2176 supplendum
1217 2116 1365 2165 esse
1411 2105 1699 2167 censeat.
1753 2102 1975 2168 Gonrz
2024 2103 2286 2168 scribit:

905 2218 1046 2282 TH.
1090 2218 1258 2300 Quid
1296 2223 1526 2287 nunc}>
1566 2222 1638 2285 L.
1682 2222 1865 2304 Quod
1906 2224 2239 2289 mandasti
2262 2223 2407 2297 feci,
2432 2224 2534 2287 tui
2557 2224 2636 2287 ut
2659 2220 2928 2286 honoris

2577 2340 2833 2421 [gratia.

722 2458 1023 2524 SoHoELL
1047 2456 1100 2544 ⁹)
1164 2462 1416 2547 „fecisti
1459 2462 1584 2546 (sic
1628 2463 1659 2528 I
1706 2468 1866 2529 ante
1914 2482 2217 2531 rasuram
2264 2467 2345 2529 ut
2391 2464 2523 2528 vid.
2573 2480 2730 2530 cum
2777 2461 2926 2544 FZ)

720 2598 877 2646 cum
937 2599 1022 2647 ex
1084 2583 1147 2647 V
1208 2585 1685 2650 auctoritatem
1747 2586 2174 2652 nanciscatur
2233 2603 2350 2666 pro
2402 2585 2530 2666 feci
2575 2582 2701 2666 (sic
2750 2583 2922 2667 BE),

720 2708 796 2768 at
852 2705 982 2786 feci
1041 2706 1364 2772 iteratum
1427 2725 1628 2788 supra
1685 2708 2002 2774 versum''
2048 2708 2148 2791 (in
2193 2707 2523 2773 Vossiano
2569 2705 2753 2770 enim
2798 2704 2928 2786 feci

720 2825 1047 2906 scriptum
1086 2831 1191 2892 est
1232 2846 1437 2909 supra
1475 2831 1603 2912 tui)
1649 2829 2093 2911 „auctoritate
2137 2816 2464 2904 vacillet?
2507 2843 2741 2893 verum
2778 2841 2926 2891 esse

718 2947 1070 3012 existimat
1115 2950 1279 3030 quid
1321 2950 1539 3031 fecisti
1581 2953 1653 3015 et
1699 2967 1854 3015 cum
1898 2949 2194 3015 LooHsro
2223 2945 2273 3030 3)
2321 2951 2390 3014 et
2440 2948 2729 3014 Gourzro
2769 2949 2926 3028 post

718 3069 820 3133 tui
878 3068 1115 3135 inserit
1161 3072 1257 3134 ut.
1306 3070 1687 3136 Nmnnrnm
1733 3071 2112 3152 opinionem
2160 3069 2920 3151 interpretationemque

716 3190 853 3255 iam
901 3207 1105 3271 supra
1150 3194 1687 3258 commemoravi.

808 3311 909 3374 En
950 3314 1060 3376 sat
1098 3312 1349 3378 multas
1374 3313 1726 3395 variasque
1751 3313 2146 3380 sententias.
2172 3312 2427 3377 Tamen
2455 3326 2688 3376 earum
2713 3309 2920 3375 ullam

714 3445 863 3494 esse
933 3449 1163 3497 veram
1234 3451 1476 3513 negare
1537 3451 1670 3499 non
1731 3435 1982 3500 dubito.
2049 3433 2329 3499 Militem
2381 3435 2546 3513 -post
2609 3448 2690 3496 ea
2749 3447 2922 3512 quae

712 3551 1123 3617 antecedunt
1160 3557 1509 3632 rogantem
1547 3554 1794 3620 facere:
1843 3554 2036 3641 „quid
2074 3554 2292 3619 fecisti
2310 3552 2388 3618 ‘2³³'
2430 3555 2737 3632 ineptum
2773 3567 2922 3617 esse

713 3689 847 3738 non
895 3673 1069 3752 fugit
1115 3675 1515 3742 Ussmemu.
1565 3677 1796 3758 Neque
1839 3678 2064 3743 minus
2109 3692 2393 3757 pravum
2439 3676 2548 3739 est
2593 3672 2920 3739 Gon'rfflA·

712 3811 857 3859 mm
900 3796 1063 3875 quid
1098 3814 1283 3862 nunc
1297 3800 1347 3874 2,
1387 3797 1559 3879 quod
1594 3798 1796 3863 miror
1819 3799 2244 3863 Rmsnormm
2270 3793 2323 3880 4)
2350 3795 2645 3876 probare,
2671 3794 2918 3874 quippe

710 3915 826 3994 qui
886 3917 1261 3983 rectissime
1321 3919 1463 3982 vim
1512 3918 1688 3984 illius
1734 3919 2217 3984 enunciationis
2263 3917 2718 3998 perspexerit:
2773 3914 2920 4000 „die

780 4160 838 4227 1)
876 4158 1228 4216 Plautinische
1264 4161 1518 4216 Prosodie
1555 4181 1605 4233 p.
1644 4165 1746 4218 701
1785 4181 1862 4232 sq.

782 4246 837 4315 2)
874 4245 1043 4300 Praef.
1079 4246 1148 4301 ad
1184 4247 1300 4302 Cas.
1338 4265 1387 4320 p.
1424 4248 1668 4303 XXXVI
1704 4267 1825 4304 ann.

780 4334 835 4401 3)
872 4331 1096 4388 Hermes
1131 4333 1273 4388 VIII
1310 4353 1360 4405 p.
1400 4337 1501 4391 111
1541 4355 1617 4408 sq.

778 4421 837 4488 4)
872 4417 905 4473 l.
943 4417 976 4474 l.
1017 4439 1067 4491 p.
1106 4421 1174 4475 91
1214 4439 1287 4494 sq.
