3450 5350
1574 611 1701 674 139

539 788 993 855 Phaedromus
1040 807 1269 855 secum
1316 792 1612 871 loquens,
1662 808 1793 857 non
1836 792 2242 872 respondens
2281 791 2585 857 Planesio
2625 790 2742 859 fin-

537 911 792 988 gendus
852 914 977 976 est.
1042 912 1233 976 Tales
1294 911 1574 977 facetiae
1634 912 2027 977 inseruntur
2086 915 2498 994 spectatores
2543 914 2740 981 delec-

538 1031 727 1096 tandi
788 1050 1009 1097 causa.
1076 1032 1173 1097 Of.
1237 1034 1428 1098 Truc.
1496 1033 1627 1099 375
1682 1050 1806 1113 sq.‚
1855 1033 1970 1097 ubi
2015 1035 2294 1115 amator,
2345 1051 2502 1099 cum
2546 1034 2740 1115 paulo

536 1154 717 1228 ante,
770 1170 948 1219 nunc
1006 1154 1167 1219 dum
1212 1154 1279 1219 id
1320 1155 1521 1219 habet
1560 1153 1732 1235 quod
1773 1156 2124 1235 tantopere
2164 1155 2510 1239 expetivit,
2561 1173 2738 1237 prae-

534 1272 859 1339 dicaverit
904 1291 1066 1340 suas
1112 1276 1421 1341 fortunas
1465 1279 1806 1357 praestare
1852 1274 2140 1341 fortunis
2186 1276 2366 1352 Iovis
2414 1275 2544 1358 (vs.
2585 1277 2670 1344 37
2677 1278 2736 1358 2,

535 1392 667 1456 vid.
729 1394 938 1459 etiam
1003 1413 1107 1461 vs.
1165 1396 1295 1459 344
1345 1397 1541 1479 sqq.)‚
1590 1397 1685 1461 sic
1734 1396 2058 1477 loquitur:
2115 1395 2434 1481 „Utinam
2482 1414 2524 1461 a
2567 1398 2738 1478 prin-

534 1512 701 1595 cipio
753 1514 849 1579 rei
895 1515 1059 1581 item
1108 1518 1438 1597 parsisses
1510 1533 1698 1583 meae
1757 1518 1857 1582 Ut
1903 1535 2082 1582 nunc
2129 1516 2417 1598 reparcis
2463 1517 2736 1583 saviis’'.

624 1635 743 1701 Vs.
809 1638 941 1701 602
1003 1641 1157 1718 post
1217 1641 1287 1703 at
1346 1639 1657 1704 PYLAnEs
1718 1638 1960 1704 inserit
2010 1640 2144 1722 pol,
2209 1639 2464 1703 Ussme
2508 1640 2738 1721 priua,

536 1755 669 1822 Lno
733 1758 982 1837 cogitat
1042 1759 1122 1824 de
1180 1760 1337 1825 olim
1396 1760 1651 1826 inserto
1714 1763 1867 1841 post
1924 1762 2273 1840 mutavit,
2333 1776 2452 1841 ego
2515 1759 2740 1841 potius

532 1876 997 1944 Curculionem
1036 1881 1382 1958 rogantem
1423 1879 1619 1945 facio:
1670 1882 1870 1965 „tuus
1887 1878 1964 1943 ?'’
2005 1878 2112 1960 (cf.
2159 1896 2261 1945 vs.
2307 1878 2464 1961 582)
2492 1882 2562 1943 et
2587 1882 2738 1943 tum

529 2003 947 2079 pergentem:
1013 2003 1123 2086 „at
1172 2018 1321 2066 mea
1369 1999 1800 2067 matertera.”

622 2119 739 2185 Vs.
804 2120 935 2185 603
998 2137 1083 2185 ex
1146 2124 1455 2203 corrupto
1502 2123 1650 2186 uois
1697 2121 2060 2187 &nummus
2106 2121 2265 2186 fecit
2311 2128 2458 2185 tuos
2503 2124 2576 2185 et
2622 2120 2740 2185 tibi

530 2241 829 2305 mutavit
891 2241 959 2306 in
1022 2242 1211 2317 mihi,
1274 2259 1443 2323 quae
1498 2242 1747 2323 recepit
1793 2241 2034 2323 Gonrrz,
2084 2258 2204 2321 ego
2251 2259 2409 2307 vero
2457 2242 2736 2309 minime

529 2363 733 2429 istam
797 2365 997 2445 probo
1056 2366 1409 2431 rationem.
1472 2365 1543 2430 Si
1604 2365 1906 2430 Curculio
1967 2366 2250 2431 diceret:
2307 2368 2536 2450 „pater
2581 2368 2735 2430 tuos

529 2502 796 2550 rursum
836 2485 1068 2563 mihi,''
1110 2503 1243 2552 non
1274 2487 1703 2567 responderet
1728 2486 2146 2551 Planesium:
2181 2503 2434 2572 „nugas
2456 2487 2735 2567 garriS,''

528 2606 641 2671 sed
682 2606 1124 2688 interrogaret
1165 2609 1538 2690 parasitum
1572 2609 1654 2673 de
1678 2612 1888 2690 patre.
1914 2609 2170 2676 Ussnzo
2194 2609 2460 2675 scribit:
2493 2609 2736 2694 „Pater

526 2746 679 2810 erqo
725 2731 938 2810 ἐρέτην
983 2747 1135 2794 sum
1175 2730 1366 2806 tibi‚'’
1406 2731 1522 2795 sed
1565 2746 1652 2795 ne
1690 2731 1812 2796 hoc
1851 2731 2119 2812 quidem
2159 2735 2398 2813 aptum
2436 2734 2543 2796 est
2582 2733 2736 2812 post

526 2850 811 2916 Planesii
860 2853 1095 2917 verba:
1144 2856 1401 2936 „mater
1438 2853 1498 2917 ei
1538 2853 1867 2918 utendum
1908 2853 2248 2929 dederat‚”
2287 2852 2538 2918 rectius
2568 2852 2732 2931 lege·

525 2975 711 3036 retur
771 2976 928 3052 post
988 2974 1223 3038 verba:
1296 2976 1527 3058 „pater
1588 2973 1802 3038 istum
1866 2991 2058 3039 meus
2119 2973 2536 3052 gestitavit.''
2601 2971 2732 3042 Lno

526 3094 743 3158 nescit
780 3111 867 3159 an
909 3096 1071 3160 haec
1106 3095 1332 3160 omnia
1367 3094 1783 3161 Curculionis
1807 3097 1980 3160 sint:
2013 3096 2150 3181 „At
2176 3113 2324 3161 mea
2346 3099 2729 3180 matertera,

522 3217 743 3279 mater
803 3215 864 3278 ei
926 3215 1254 3280 utendum
1314 3216 1601 3294 dederat,
1666 3219 1943 3298 patruos
2005 3217 2151 3282 eius
2213 3234 2484 3282 rursum
2540 3217 2732 3293 sibi‚'’

523 3335 693 3416 quod
756 3351 865 3401 me
928 3336 1197 3417 quidem
1256 3354 1390 3403 non
1448 3337 1812 3416 intelligere
1858 3337 2090 3403 fateor.
2141 3338 2277 3416 Ego
2325 3339 2542 3403 solum
2587 3340 2735 3403 uois

522 3461 908 3539 corruptum
972 3474 1120 3523 esse
1174 3475 1412 3523 censeo
1459 3475 1543 3523 ex
1591 3460 1757 3533 tuoe,
1807 3461 1878 3523 et
1924 3458 2516 3537 interrogationem
2561 3460 2733 3524 hanc

522 3595 670 3643 esse
707 3578 1029 3643 arbitror:
1064 3579 1369 3644 deridens
1410 3582 1602 3658 rogat
1640 3578 1981 3644 Curculio:
2027 3583 2258 3662 „pater
2281 3583 2436 3645 tuos
2461 3598 2731 3646 rursum

521 3699 734 3763 tibi?”
784 3699 1165 3764 Planesium
1212 3703 1441 3764 autem
1490 3703 1669 3764 recte
1716 3701 2114 3782 respondere
2160 3704 2422 3782 potest:
2477 3718 2732 3786 „nugas

520 3821 815 3901 garris;”
860 3839 1021 3886 nam
1058 3821 1378 3886 nimirum
1419 3838 1638 3900 nugae
1677 3825 1842 3886 sunt
1866 3821 2119 3903 opinari
2145 3826 2405 3902 patrem
2431 3822 2726 3905 anulum,

519 3941 632 4022 qui
696 3941 871 4006 virili
918 3944 1119 4021 aptus
1164 3944 1311 4006 erat
1358 3941 1583 4025 digito,
1634 3943 1962 4008 utendum
2012 3943 2274 4008 dedisse
2319 3943 2491 4009 filiae
2537 3943 2729 4024 eique

520 4078 769 4142 parvae
818 4063 1091 4142 puellae.

606 4183 726 4248 Vs.
762 4181 894 4246 605
928 4185 1167 4249 verba:
1202 4183 1397 4268 „quid
1423 4200 1602 4248 nunc
1618 4184 1715 4266 ‘?’',
1752 4201 1924 4264 quae
1946 4184 2098 4248 libri
2121 4188 2302 4250 recte
2325 4184 2729 4250 continuant

519 4302 916 4379 Curculioni‚
958 4305 1276 4384 Rimmon,
1319 4322 1522 4386 quem
1562 4308 1834 4370 secutus
1877 4310 1984 4370 est
2013 4306 2170 4388 Luc,
2197 4306 2380 4371 dedit
2403 4306 2727 4374 Planesio·

518 4424 824 4506 Explicat
870 4425 975 4490 vir
1012 4425 1246 4491 doctus
1286 4425 1426 4490 vim
1469 4427 1806 4491 enuntiati
1847 4427 2012 4508 quid
2049 4429 2281 4492 nunc?
2321 4427 2481 4512 (vid.
2524 4423 2731 4510 supra
