3450 5350
1795 584 1880 647 92

915 763 1385 848 Symbolarum
1431 763 1778 833 collatores
1821 766 1997 848 apud
2045 766 2264 833 forum
2309 746 2690 848 piscarium.

824 930 1021 996 Hunc
1069 946 1343 996 versum
1381 931 1688 998 Unmcns
1709 928 1758 1016 1)
1795 931 2070 999 collocat
2107 935 2262 1014 post
2300 950 2403 997 vs.
2446 934 2598 997 480.
2637 932 2929 1015 Etenim,

732 1050 797 1116 id
859 1052 1031 1132 quod
1089 1057 1161 1117 et
1222 1053 1333 1118 alii
1396 1054 1526 1119 viri
1586 1055 1763 1120 docti
1827 1056 2165 1130 statuunt,
2225 1055 2586 1136 posteriore
2633 1059 2932 1137 tempore

730 1171 948 1238 forum
1018 1174 1455 1254 piscatorium
1516 1174 1624 1240 vel
1682 1173 2038 1241 macellum
2097 1176 2169 1240 in
2233 1176 2744 1255 septentrionali
2805 1167 2930 1243 fori

730 1298 921 1373 parte
981 1295 1352 1372 exstitisse,
1407 1295 1829 1377 existimans,
1878 1296 2099 1362 Plauti
2145 1300 2369 1363 aetate
2417 1296 2572 1363 illud
2617 1315 2930 1381 quaeren-

728 1416 891 1481 dum
944 1432 1093 1482 esse
1137 1416 1209 1481 in
1252 1416 1532 1483 australi
1578 1422 1771 1500 parte
1815 1420 2034 1498 putat.
2086 1418 2266 1499 Quae
2312 1420 2534 1500 opinio
2579 1420 2800 1501 plures
2847 1421 2930 1486 ob

728 1554 967 1604 causas
1037 1555 1111 1603 se
1178 1539 1643 1604 commendare
1705 1540 1768 1605 ei
1832 1520 2117 1605 videtur.
2183 1540 2486 1606 Primum
2546 1542 2718 1623 quod
2780 1545 2930 1607 tum

684 1628 1071 1740 *parabasis
1116 1677 1489 1740 congruens
1532 1660 2026 1742 aequabilisque
2072 1661 2351 1743 evadat;
2392 1664 2497 1727 ter
2534 1663 2716 1728 enim
2756 1664 2931 1728 terni

727 1780 851 1847 loci
918 1784 1547 1856 commemorantur,
1615 1784 1758 1847 tres
1817 1782 2325 1864 septentrionali
2384 1786 2596 1865 parte,
2659 1787 2800 1849 tres
2859 1784 2928 1849 in

727 1916 903 1979 area,
974 1906 1116 1969 tres
1184 1904 1252 1968 in
1322 1907 1512 1985 parte
1579 1904 1860 1970 australi
1929 1904 2131 1982 (ultra
2193 1910 2637 1971 memoratam
2697 1907 2927 1971 aedem

728 2023 1025 2089 Castoris
1072 2042 1205 2090 non
1253 2041 1680 2106 progressum
1726 2042 1874 2091 esse
1921 2026 2282 2105 choragum
2330 2026 2700 2092 arbitratur
2722 2045 2788 2091 v,
2815 2028 2928 2104 d.).

729 2146 931 2226 Quasi
992 2163 1149 2212 vero
1212 2147 1327 2229 qui
1388 2147 1549 2213 talia
1602 2147 1919 2212 describit
1964 2148 2472 2226 congruentiam
2519 2165 2750 2213 curare
2795 2166 2926 2214 om-

728 2267 887 2332 nino
958 2268 1173 2350 possit
1241 2285 1455 2350 neque
1523 2269 1668 2336 veri
1729 2286 1954 2334 rerum
2012 2272 2237 2334 status
2298 2270 2628 2335 rationem
2688 2271 2928 2338 habere

728 2389 985 2454 debeat.
1057 2389 1307 2455 Deinde
1374 2392 1575 2471 putat
1644 2390 1750 2455 vir
1820 2390 2073 2472 doctuS,
2141 2390 2200 2455 si
2262 2390 2487 2472 ipsum
2549 2406 2928 2473 sequamur,

728 2511 1037 2585 lacunam
1102 2511 1281 2576 inter
1338 2511 1653 2577 tabernas
1712 2514 1784 2576 et
1843 2511 2074 2576 aedem
2138 2511 2435 2577 Castoris
2496 2512 2766 2593 expleri.
2830 2513 2931 2578 At

727 2634 999 2699 omnino
1036 2633 1420 2715 ignoramus
1458 2633 1635 2700 inter
1673 2633 1820 2699 illas
1859 2650 2152 2699 vacuum
2191 2633 2400 2700 fuisse
2439 2634 2676 2701 locum.
2706 2634 2930 2701 Tertio

727 2755 865 2821 loco
924 2757 1353 2822 contendit-ur
1410 2747 1574 2821 tunc
1622 2773 2027 2822 consensum
2073 2759 2345 2822 exstare
2392 2756 2569 2822 inter
2614 2756 2930 2822 Plautum

728 2881 799 2943 et
843 2879 1133 2943 Livium.
1193 2878 1563 2944 Existimat
1610 2879 1793 2943 enim
1840 2877 2146 2944 Uamons
2190 2895 2272 2942 ex
2319 2877 2498 2942 Livii
2544 2878 2683 2943 loco
2729 2895 2930 2959 supra

727 3003 1020 3066 tractato
1062 3000 1480 3067 efficiendum
1528 3017 1676 3066 esse
1721 3000 2106 3065 incendium
2153 3001 2223 3064 in
2270 3003 2555 3079 utraque
2591 2998 2714 3065 fori
2738 3006 2928 3081 parte

729 3122 931 3188 simul
993 3126 1296 3189 coortum
1354 3139 1538 3187 esse:
1602 3122 1675 3187 in
1737 3121 2020 3187 australi
2064 3123 2257 3202 parte
2303 3123 2564 3202 septem
2611 3122 2926 3187 tabernas

728 3244 899 3309 sitas
967 3244 1194 3324 fuisse,
1256 3244 1328 3308 in
1391 3246 1582 3324 parte
1645 3243 2154 3324 septentrionali
2220 3241 2694 3328 „argentarias,
2756 3259 2925 3324 quae

728 3383 909 3431 nunc
971 3365 1199 3430 Novae
1257 3363 1744 3447 appellantur’';
1791 3365 1898 3430 hic
1945 3368 2175 3430 autem
2222 3364 2733 3445 comprehensas
2779 3379 2926 3428 esse

727 3487 1149 3563 Lautumias,
1218 3486 1349 3551 illic
1416 3488 1669 3552 atrium
1739 3487 2018 3566 regium.
2090 3485 2416 3566 Quoniam
2477 3502 2634 3551 vero
2687 3484 2924 3551 Livius

728 3610 1029 3691 proximo
1089 3626 1265 3675 anno
1325 3608 1713 3674 reficiendas
1774 3609 2027 3675 locatas
2071 3625 2220 3674 esse
2267 3607 2477 3673 tradit
2521 3615 2781 3688 septem
2825 3611 2922 3673 ta-

727 3732 987 3811 bernaS,
1053 3731 1423 3812 macellum,
1476 3731 1728 3796 atrium
1774 3730 2052 3812 regium,
2105 3729 2220 3794 sed
2267 3746 2478 3810 neque
2525 3705 2926 3794 Lautumias

727 3855 1206 3919 commemorat
1262 3869 1477 3934 neque
1544 3851 2002 3937 „argentarias
2048 3869 2218 3933 quae
2265 3868 2323 3916 e.
2351 3869 2411 3932 q.
2439 3849 2563 3926 s.”‚
2612 3851 2766 3916 inde
2812 3848 2927 3915 col-

726 3976 875 4055 ligit
931 3977 1037 4040 vir
1096 3975 1356 4050 doctus,
1401 3991 1557 4040 cum
1605 3974 1959 4039 macellum
2007 3973 2185 4038 inter
2231 3976 2491 4055 septem
2540 3975 2931 4038 numeretur

727 4097 1043 4163 tabernas
1099 4101 1170 4163 et
1213 4097 1464 4163 atrium
1510 4095 1789 4177 regium,
1841 4112 2011 4176 quae
2056 4096 2255 4161 ambo
2304 4095 2375 4160 in
2421 4094 2703 4161 australi
2747 4092 2928 4160 collo-

797 4428 854 4498 1)
886 4428 921 4482 l.
958 4428 992 4482 l.
1029 4446 1078 4499 p.
1120 4429 1186 4482 86
1228 4445 1338 4498 sqq.
