3450 5350
1560 597 1646 662 43

499 771 787 858 quoru'm
833 777 1137 860 alterum,
1186 779 1304 860 Ep.
1357 779 1484 844 229
1531 796 1695 860 sqq„
1746 779 2051 860 spurium
2096 795 2246 844 esse
2286 776 2457 843 satis
2494 775 2700 841 mani-

499 897 753 965 festum
819 900 932 976 sit,
1002 899 1083 964 de
1152 900 1362 965 altero
1433 902 1683 982 autem,
1754 900 1949 966 Most.
2018 901 2146 964 274
2209 917 2372 980 sqq„
2423 898 2700 963 minime

500 1021 680 1086 idem
727 1023 819 1086 sit
867 1021 1323 1096 statuendum,
1373 1039 1531 1087 cum
1584 1022 1839 1103 optime
1884 1022 2235 1090 contextui
2279 1021 2653 1087 conveniat.

592 1144 927 1208 Ultimum
988 1143 1132 1208 eius
1193 1147 1671 1222 argumentum
1737 1143 1860 1209 hoc
1920 1146 2062 1209 est:
2126 1159 2557 1225 quaecunque
2621 1141 2702 1206 de

502 1265 769 1331 Graecis
830 1265 1139 1330 dicantur
1201 1265 1418 1331 multo
1461 1266 1690 1344 magis
1736 1265 1807 1330 in
1856 1266 2193 1347 posterius
2238 1268 2511 1346 tempus
2556 1282 2714 1330 6611--

499 1386 724 1452 venire
792 1403 994 1466 quam
1066 1387 1137 1450 in
1207 1384 1617 1452 Plautinum.
1697 1387 1881 1468 Quod
1950 1387 2227 1467 minime
2298 1386 2439 1451 viro
2509 1385 2701 1450 docto

498 1506 812 1587 conced03
879 1524 1040 1573 nam
1103 1523 1190 1572 ex
1239 1507 1404 1589 ipsis
1451 1507 1673 1573 Plauti
1719 1507 1963 1574 fabulis
2007 1510 2283 1590 apparet
2330 1507 2701 1573 necessario

496 1626 953 1707 accipiendum
999 1629 1191 1694 nobis
1237 1644 1388 1694 esse
1429 1645 1747 1708 magnam
1787 1629 2029 1695 saltem
2068 1631 2524 1711 spectatorum
2562 1645 2701 1710 par·

501 1751 641 1813 tem
704 1748 953 1814 Graece
1003 1749 1321 1830 scivisse3
1371 1750 1545 1830 quod
1593 1751 1724 1816 nisi
1772 1751 1870 1816 ita
1912 1753 2112 1832 esset,
2163 1750 2381 1815 multa
2427 1766 2560 1814 non
2609 1749 2701 1813 in·

499 1868 957 1947 tellexissent;
1030 1873 1231 1951 atque
1303 1871 1361 1935 si
1435 1871 1633 1935 multi
1704 1871 1995 1936 Romani
2067 1870 2317 1936 Graece
2380 1870 2700 1944 sciebant,

498 1989 800 2072 sequitur
877 1996 957 2057 ut
1026 1994 1177 2056 tum
1249 1993 1574 2074 temporis
1641 1988 1893 2057 Romae
1960 1994 2192 2058 essent
2261 1990 2513 2074 Graeci,
2587 1990 2701 2073 qui

497 2109 797 2190 linguam
867 2129 1062 2178 suam
1124 2111 1458 2178 docerent.
1523 2113 1762 2178 Nescio
1825 2113 2050 2195 igitur,
2116 2130 2204 2177 an
2266 2116 2499 2178 nostro
2561 2113 2700 2177 loco

500 2233 714 2312 magis
770 2233 864 2298 sit
909 2234 1341 2314 cogitandum
1387 2234 1467 2298 de
1512 2233 1789 2299 Graecis
1834 2234 2392 2315 praeceptoribus,
2440 2234 2555 2314 qui
2602 2251 2703 2298 sa-

497 2354 821 2434 pientiam
862 2372 1057 2420 suam
1096 2355 1403 2420 venalem
1444 2354 1782 2420 habebant
1818 2356 2023 2436 atque
2059 2355 2131 2418 in
2171 2355 2283 2418 via
2317 2354 2701 2420 hominibus

499 2476 1082 2554 praetereuntibus
1130 2475 1495 2542 offerebant
1541 2476 1645 2552 (cf.
1687 2493 1791 2542 vs.
1834 2477 1958 2541 291
2004 2477 2278 2541 obstant
2311 2477 2699 2563 obsistunt),

498 2595 849 2679 pulchrum
895 2598 1388 2680 honestumque
1435 2614 1582 2664 6886
1631 2599 1847 2664 multa
1885 2600 2053 2664 scire
2092 2597 2348 2681 aliaque
2372 2598 2701 2664 eiusmodi

499 2719 870 2785 clamantes
909 2719 1013 2796 (cf.
1060 2738 1253 2805 „cum
1292 2720 1436 2786 suis
1475 2718 1902 2797 sententiis'’)
1926 2738 2131 2801 quam
2154 2721 2235 2786 de
2259 2719 2697 2802 philosophis;

498 2842 741 2905 notum
807 2841 987 2906 enim
1049 2845 1156 2908 est
1220 2841 1544 2908 Graecam
1606 2842 2090 2925 philosophiam
2154 2844 2455 2937 Romamx
2500 2843 2699 2908 intro-

499 2962 772 3029 ductam
817 2980 967 3029 esse
1013 2964 1142 3029 dici
1189 2981 1230 3028 a
1274 2963 1612 3029 Carneade
1658 2964 1949 3043 Diogene
1998 2964 2435 3046 Critolaoque,
2475 2964 2591 3045 qui
2637 2982 2697 3030 a.

503 3084 631 3152 155
676 3087 761 3150 ab
807 3085 1341 3151 Atheniensibus
1385 3086 1591 3167 legati
1639 3088 1927 3151 Romam
1976 3085 2167 3151 missi
2205 3089 2433 3166 erant3
2475 3103 2698 3167 quam·

495 3224 700 3287 quam
765 3222 849 3271 ne
912 3223 998 3271 ex
1058 3209 1184 3273 hac
1229 3207 1497 3289 quidem
1545 3224 1614 3273 re
1661 3207 1834 3272 effici
1880 3207 2077 3273 debet
2122 3192 2261 3272 non'
2304 3207 2439 3273 iam
2485 3208 2699 3274 multo

495 3332 655 3393 ante
704 3327 990 3393 Graecos
1039 3328 1464 3410 philosophos
1512 3329 1741 3393 minus
1788 3328 2041 3393 nobiles
2087 3328 2340 3394 Romae
2386 3329 2614 3394 fuisse.

499 3538 505 3543 '
586 3450 755 3530 Quid
801 3467 956 3530 ergo
1001 3449 1165 3515 facit
1211 3449 1485 3515 Gron‘rz‘?
1532 3450 1894 3515 Abiudicat
1938 3450 2177 3515 Plauto
2213 3451 2430 3516 locum
2453 3455 2533 3516 ut
2555 3452 2698 3532 ipse

495 3570 847 3652 profitetur
884 3587 1041 3636 vere
1081 3568 1494 3645 Plautinum,
1529 3570 1728 3652 idque
1750 3570 1923 3635 hanc
1946 3571 2293 3652 praecipue
2318 3572 2399 3637 ob
2422 3589 2699 3638 causam

495 3696 575 3757 ut
635 3696 979 3757 sustentet
1025 3709 1305 3774 pravam
1353 3710 1676 3757 versuum
1726 3694 1855 3757 299
1902 3710 1999 3773 sq.
2048 3693 2695 3774 interpretationem.

496 3812 806 3878 Nondum
839 3804 844 3809 ’
883 3817 1117 3879 autem
1187 3812 1503 3893 cuiquam
1569 3830 1724 3878 eum
1794 3814 2209 3894 persuasisse
2280 3814 2416 3880 vidi
2485 3832 2698 3897 neque

497 3950 976 4013 persuasurum
1023 3951 1172 3999 6886
1217 3935 1490 4000 confido.

585 4055 748 4121 Post
807 4072 907 4137 ea,
973 4074 1141 4137 quae
1207 4056 1547 4136 disputavi
1611 4074 1745 4145 non
1807 4042 1944 4121 iam
2005 4073 2173 4137 opus
2220 4057 2387 4122 mihi
2432 4058 2699 4123 videtur

493 4175 594 4259 iis,
668 4192 836 4257 quae
919 4177 1222 4258 disputat
1292 4179 1594 4243 Rtssnncn
1637 4174 1705 4261 ¹),
1792 4178 2169 4244 immorari:
2254 4183 2453 4261 putat
2514 4182 2697 4246 enim

503 4332 584 4341 ..u——

565 4433 623 4500 1)
660 4430 694 4486 l.
731 4430 766 4486 l.
804 4451 854 4503 p.
896 4432 961 4486 88
998 4448 1074 4501 sq.
