3450 5350
1672 598 1677 604 ’
1786 619 1914 685 146

752 794 1062 874 quamvis
1118 813 1247 861 non
1308 797 1568 875 ignoret
1627 798 2086 867 Curculionem
2139 801 2419 867 liberum
2468 799 2638 877 esse,
2684 800 2784 864 ira
2830 799 2948 863 im-

750 914 984 995 pulsus
1046 917 1297 983 inimici
1349 918 1651 985 laedendi
1696 922 1913 1000 gratia
1957 922 2433 989 contumeliose
2479 922 2723 987 dicere:
2783 935 2954 1005 „serf

750 1054 910 1103 vom
954 1041 1431 1106 antestari?”‘?

840 1159 919 1224 In
959 1160 1478 1243 interpretandis
1521 1164 1775 1230 verbis:
1825 1182 1962 1250 „em
2002 1168 2078 1231 ut
2111 1168 2288 1231 scias
2327 1185 2428 1231 me
2457 1167 2737 1230 liberum
2770 1160 2949 1227 esse'’

748 1298 968 1347 errare
1016 1283 1439 1353 ΒΙΒΒΕοΚΙσΜ
1486 1285 1752 1366 opinor;
1801 1303 1938 1351 non
1985 1286 2168 1351 enim
2206 1286 2542 1352 assentior
2577 1285 2720 1350 viro
2759 1284 2951 1349 docto

747 1402 876 1469 illis
913 1405 1135 1471 verbis
1174 1406 1638 1490 Curculionem
1678 1408 2061 1474 adversario
2100 1409 2363 1489 alapam
2388 1408 2702 1488 infligere.
2742 1407 2951 1470 Recte

747 1523 1038 1605 explicat
1100 1526 1393 1592 Ussme:
1476 1527 1818 1613 „Curculio
1881 1544 2114 1596 aurem
2181 1529 2588 1595 Phaedromo
2650 1525 2947 1608 porrigit,

746 1647 816 1710 et
877 1644 1165 1711 militem
1228 1652 1529 1728 spectare
1592 1650 1803 1725 iubet,
1864 1668 1993 1731 quo
2055 1651 2250 1717 modo
2296 1667 2368 1715 se
2411 1649 2792 1715 adolescens
2836 1666 2949 1713 an-

746 1770 1056 1851 testetur‚
1106 1772 1186 1833 ut
1233 1770 1403 1835 sciat
1450 1787 1523 1835 se
1566 1769 1852 1836 liberum
1899 1770 2114 1837 esse”.

838 1890 1096 1955 Verba:
1153 1906 1344 1975 „ergo
1388 1891 1659 1957 ambula
1706 1892 1776 1957 in
1825 1891 1999 1974 ius'',
2043 1908 2211 1973 quae
2251 1893 2548 1957 Rmssncx
2589 1891 2706 1955 dat
2745 1890 2948 1954 Phae-

744 2009 996 2086 dromo,
1058 2012 1283 2092 aptius
1327 2013 1816 2079 continuantur
1861 2014 2237 2079 Curculioni
2287 2016 2552 2095 propter
2599 2010 2948 2092 sequentia

742 2148 845 2195 em
892 2132 1028 2213 tibi,
1072 2118 1313 2215 quibus
1339 2134 1962 2217 Therapontigonus
2010 2134 2360 2216 colaphum
2405 2134 2720 2215 impingit
2758 2149 2945 2214 para-

744 2253 897 2328 sito,
969 2253 1067 2318 ita
1135 2259 1215 2319 ut
1282 2256 1722 2321 statuendum
1781 2257 1874 2321 sit
1933 2257 2110 2321 hunc
2170 2274 2326 2321 eum
2387 2256 2456 2319 in
2517 2256 2625 2319 ius
2691 2272 2943 2320 vocare.

744 2374 1092 2440 Parasitus
1136 2377 1467 2441 auxilium
1508 2379 1820 2460 implorat
1867 2396 1907 2443 a
1945 2378 2206 2443 civibus
2243 2377 2576 2442 clamans:
2625 2393 2702 2461 „o
2740 2376 2944 2456 cives,

741 2495 988 2562 cives''.
1038 2497 1227 2563 Miles
1272 2516 1447 2579 ver0,
1500 2501 1693 2581 quasi
1740 2518 1861 2566 suo
1906 2500 2049 2565 iure
2087 2499 2428 2565 hominem
2468 2498 2941 2571 verberaverit,

743 2617 1128 2701 miransque
1186 2621 1356 2702 quod
1423 2623 1761 2703 parasitus
1820 2623 2030 2688 etiam
2076 2622 2360 2688 clamare
2405 2620 2671 2696 audeat,
2718 2624 2940 2699 rogat:

746 2741 943 2826 „quid
990 2742 1242 2810 clamas
1257 2744 1335 2808 ?'’
1384 2749 1687 2827 Apparet
1724 2763 1879 2826 ergo
1918 2764 2028 2811 me
2068 2746 2345 2810 minime
2383 2761 2538 2809 cum
2576 2745 2942 2809 Rmnncmo

740 2880 1013 2930 censere
1081 2865 1353 2932 ridicule
1422 2866 1581 2933 illud
1652 2869 1868 2946 rogari
1940 2886 1981 2933 a
2047 2866 2282 2942 milite,
2351 2881 2554 2947 quare
2600 2881 2758 2930 eum
2807 2881 2941 2930 non

740 3003 980 3066 sequor
1060 2989 1265 3054 verba
1346 2989 1761 3055 tribuentem
1845 2989 2288 3054 Phaedromo:
2368 3005 2480 3072 „es
2548 2991 2728 3050 ware
2798 3003 2939 3051 nun

738 3106 1134 3173 lacherlich”
1204 3109 1304 3174 ait
1377 3127 1620 3193 „wenn
1690 3110 2334 3192 Therapontigonus,
2405 3109 2521 3175 der
2589 3107 2705 3172 ihn
2771 3108 2940 3172 eben

739 3228 1129 3309 geschlagen
1181 3231 1319 3312 hat,
1370 3249 1540 3312 ganz
1588 3231 2012 3310 unbefangen
2060 3231 2289 3311 fragen
2335 3229 2560 3297 sollte:
2612 3229 2775 3311 quid
2819 3227 2938 3292 cla·

738 3351 937 3414 mas?
997 3351 1134 3416 Das
1179 3352 1272 3418 ist
1319 3351 1529 3419 Sache
1574 3354 1692 3418 des
1739 3353 2211 3433 Phaedromus
2259 3354 2375 3418 der
2421 3353 2609 3417 nicht
2655 3349 2939 3430 gesehen

737 3472 878 3546 hat,
946 3489 1090 3537 was
1149 3466 1483 3539 zwisohen
1548 3474 1673 3539 den
1729 3474 1979 3540 Beiden
2027 3473 2424 3554 vorgefallen
2473 3473 2585 3538 ist.
2635 3473 2795 3536 Erst
2839 3471 2940 3536 als

737 3610 811 3658 er
861 3594 990 3658 den
1038 3593 1341 3660 Curculio
1389 3595 1691 3671 erblickt‚
1741 3597 1856 3661 der
1901 3594 2025 3660 auf
2061 3595 2167 3660 die
2212 3595 2391 3660 Seite
2438 3593 2745 3674 gelaufen
2793 3591 2938 3657 sein

737 3713 875 3779 und
922 3714 1152 3780 seinen
1200 3712 1517 3782 Schmerz
1563 3717 1701 3783 und
1748 3716 2013 3782 Grimm
2057 3716 2263 3782 durch
2308 3716 2550 3781 hochst
2595 3712 2938 3778 verstand-

614 3847 618 3850 ·
734 3834 906 3900 liobe
965 3833 1218 3902 Gesten
1280 3837 1732 3916 ausgedriickt
1792 3838 2007 3902 haben
2069 3836 2254 3916 wird,
2319 3835 2627 3900 versteht
2685 3850 2759 3899 er
2820 3850 2938 3897 um

738 3973 882 4021 was
950 3973 1026 4021 es
1092 3955 1236 4021 sich
1305 3957 1577 4023 handelt
1644 3959 1781 4023 und
1850 3958 2037 4024 stellt
2104 3958 2232 4023 den
2302 3957 2494 4022 miles
2555 3973 2674 4021 zur
2720 3954 2936 4019 Rede:

738 4077 902 4158 quid
960 4077 1079 4142 tibi
1138 4079 1345 4142 istum
1408 4079 1663 4143 tactiost
1677 4078 1756 4142 ‘?”
1818 4079 2007 4143 Illam
2059 4077 2685 4156 interrogationem:
2740 4073 2937 4160 „quid

735 4197 1080 4264 clamas'’?
1128 4197 1328 4262 militi
1376 4199 1435 4263 si
1480 4200 1923 4282 vindicamUS‚
1973 4199 2080 4264 vis
2118 4198 2369 4265 comica
2408 4215 2542 4262 non
2583 4197 2794 4262 deest.
2834 4197 2936 4262 Ne

734 4319 799 4384 id
847 4320 1119 4401 quidem
1160 4319 1440 4399 intelligi
1486 4324 1732 4402 potest,
1779 4320 2103 4402 quomodo
2140 4320 2460 4394 ΒΙΒΒΕΟΚ,
2502 4336 2656 4383 cum
2696 4319 2933 4384 verba:

742 4456 934 4526 „ergo
1000 4442 1269 4508 ambula
1338 4443 1408 4507 in
1477 4441 1628 4507 ius'’
1692 4443 1948 4507 tribuat
2015 4440 2442 4520 PhaedromO,
2505 4439 2748 4520 quibus
2797 4438 2937 4502 ·vix
