<?xml version="1.0" encoding="UTF-8"?>
<!DOCTYPE html PUBLIC "-//W3C//DTD XHTML 1.0 Transitional//EN"
    "http://www.w3.org/TR/xhtml1/DTD/xhtml1-transitional.dtd">
<html xmlns="http://www.w3.org/1999/xhtml" xml:lang="en" lang="en">
 <head>
  <title>
</title>
<meta http-equiv="Content-Type" content="text/html;charset=utf-8" />
  <meta name='ocr-system' content='tesseract 3.04.00' />
  <meta name='ocr-capabilities' content='ocr_page ocr_carea ocr_par ocr_line ocrx_word'/>
</head>
<body>
  <div class='ocr_page' id='page_1' title='image "./deplauticurculi00unkngoog_0079.png"; bbox 0 0 3450 5350; ppageno 0'>
   <div class='ocr_carea' id='block_1_1' title="bbox 1520 613 1611 679">
    <p class='ocr_par' dir='ltr' id='par_1_1' title="bbox 1520 613 1611 679">
     <span class='ocr_line' id='line_1_1' title="bbox 1520 613 1611 679; baseline 0.011 -1"><span class='ocrx_word' id='word_1_1' title='bbox 1520 613 1611 679; x_wconf 85' lang='lat'>67·</span> 
     </span>
    </p>
   </div>
   <div class='ocr_carea' id='block_1_2' title="bbox 473 792 2713 4164">
    <p class='ocr_par' dir='ltr' id='par_1_2' title="bbox 473 792 2713 4164">
     <span class='ocr_line' id='line_1_2' title="bbox 473 792 2662 878; baseline -0.002 -15"><span class='ocrx_word' id='word_1_2' title='bbox 473 794 760 872; x_wconf 82' lang='lat' dir='ltr'>affuerit,</span> <span class='ocrx_word' id='word_1_3' title='bbox 807 813 899 860; x_wconf 90' lang='lat' dir='ltr'>an</span> <span class='ocrx_word' id='word_1_4' title='bbox 943 795 1067 860; x_wconf 92' lang='lat' dir='ltr'>hoc</span> <span class='ocrx_word' id='word_1_5' title='bbox 1111 795 1349 860; x_wconf 88' lang='lat' dir='ltr'>datum</span> <span class='ocrx_word' id='word_1_6' title='bbox 1390 795 1489 860; x_wconf 88' lang='lat' dir='ltr'>sit</span> <span class='ocrx_word' id='word_1_7' title='bbox 1529 795 1809 862; x_wconf 81' lang='lat' dir='ltr'>absente</span> <span class='ocrx_word' id='word_1_8' title='bbox 1854 793 2155 878; x_wconf 81' lang='lat' dir='ltr'>Lycone3</span> <span class='ocrx_word' id='word_1_9' title='bbox 2194 810 2354 859; x_wconf 87' lang='lat' dir='ltr'>nam</span> <span class='ocrx_word' id='word_1_10' title='bbox 2392 792 2662 860; x_wconf 88' lang='lat' dir='ltr'>etiamsi</span> 
     </span>
     <span class='ocr_line' id='line_1_3' title="bbox 473 914 2669 998; baseline -0.001 -15"><span class='ocrx_word' id='word_1_11' title='bbox 473 917 688 994; x_wconf 87' lang='lat' dir='ltr'>affuit,</span> <span class='ocrx_word' id='word_1_12' title='bbox 733 915 923 983; x_wconf 84' lang='lat' dir='ltr'>facile</span> <span class='ocrx_word' id='word_1_13' title='bbox 968 916 1130 996; x_wconf 84' lang='lat' dir='ltr'>fingi</span> <span class='ocrx_word' id='word_1_14' title='bbox 1175 919 1398 998; x_wconf 85' lang='lat' dir='ltr'>potest</span> <span class='ocrx_word' id='word_1_15' title='bbox 1442 914 1601 982; x_wconf 87' lang='lat' dir='ltr'>illud</span> <span class='ocrx_word' id='word_1_16' title='bbox 1645 933 1806 982; x_wconf 90' lang='lat' dir='ltr'>eum</span> <span class='ocrx_word' id='word_1_17' title='bbox 1850 915 1945 982; x_wconf 94' lang='lat' dir='ltr'>nil</span> <span class='ocrx_word' id='word_1_18' title='bbox 1987 932 2276 992; x_wconf 79' lang='lat' dir='ltr'>curasse,</span> <span class='ocrx_word' id='word_1_19' title='bbox 2318 918 2669 997; x_wconf 87' lang='lat' dir='ltr'>tamquam</span> 
     </span>
     <span class='ocr_line' id='line_1_4' title="bbox 473 1035 2665 1121; baseline -0.001 -18"><span class='ocrx_word' id='word_1_20' title='bbox 473 1037 730 1104; x_wconf 88' lang='lat' dir='ltr'>lenonis</span> <span class='ocrx_word' id='word_1_21' title='bbox 791 1036 1274 1121; x_wconf 89' lang='lat' dir='ltr'>iusiurandum,</span> <span class='ocrx_word' id='word_1_22' title='bbox 1338 1036 1515 1118; x_wconf 90' lang='lat' dir='ltr'>quod</span> <span class='ocrx_word' id='word_1_23' title='bbox 1571 1036 1824 1106; x_wconf 86' lang='lat' dir='ltr'>nullius</span> <span class='ocrx_word' id='word_1_24' title='bbox 1884 1036 1978 1102; x_wconf 90' lang='lat' dir='ltr'>sit</span> <span class='ocrx_word' id='word_1_25' title='bbox 2042 1035 2387 1120; x_wconf 78' lang='lat' dir='ltr'>momenti,</span> <span class='ocrx_word' id='word_1_26' title='bbox 2450 1051 2665 1118; x_wconf 87' lang='lat' dir='ltr'>neque</span> 
     </span>
     <span class='ocr_line' id='line_1_5' title="bbox 477 1156 2673 1226; baseline 0 -2"><span class='ocrx_word' id='word_1_27' title='bbox 477 1158 723 1225; x_wconf 90' lang='lat' dir='ltr'>mirum</span> <span class='ocrx_word' id='word_1_28' title='bbox 769 1156 952 1224; x_wconf 91' lang='lat' dir='ltr'>illius</span> <span class='ocrx_word' id='word_1_29' title='bbox 997 1159 1059 1225; x_wconf 91' lang='lat' dir='ltr'>ei</span> <span class='ocrx_word' id='word_1_30' title='bbox 1104 1161 1334 1226; x_wconf 88' lang='lat' dir='ltr'>nostro</span> <span class='ocrx_word' id='word_1_31' title='bbox 1378 1159 1517 1226; x_wconf 90' lang='grc'><strong>1666</strong></span> <span class='ocrx_word' id='word_1_32' title='bbox 1565 1158 1636 1226; x_wconf 88' lang='grc'>111</span> <span class='ocrx_word' id='word_1_33' title='bbox 1685 1162 1983 1225; x_wconf 87' lang='lat' dir='ltr'>mentem</span> <span class='ocrx_word' id='word_1_34' title='bbox 2030 1175 2164 1224; x_wconf 91' lang='grc'><strong>11611</strong></span> <span class='ocrx_word' id='word_1_35' title='bbox 2213 1158 2463 1224; x_wconf 87' lang='lat' dir='ltr'>venire.</span> <span class='ocrx_word' id='word_1_36' title='bbox 2547 1215 2550 1220; x_wconf 95' lang='lat'>.</span> <span class='ocrx_word' id='word_1_37' title='bbox 2668 1187 2673 1192; x_wconf 89' lang='lat'><strong>·</strong></span> 
     </span>
     <span class='ocr_line' id='line_1_6' title="bbox 543 1271 2669 1366; baseline -0.003 -15"><span class='ocrx_word' id='word_1_38' title='bbox 543 1280 745 1352; x_wconf 87' lang='lat' dir='ltr'>Leno</span> <span class='ocrx_word' id='word_1_39' title='bbox 806 1271 1294 1362; x_wconf 82' lang='lat' dir='ltr'>&#39;quodammodo</span> <span class='ocrx_word' id='word_1_40' title='bbox 1361 1297 1436 1346; x_wconf 89' lang='lat' dir='ltr'>se</span> <span class='ocrx_word' id='word_1_41' title='bbox 1503 1283 1786 1348; x_wconf 87' lang='lat' dir='ltr'>excusat</span> <span class='ocrx_word' id='word_1_42' title='bbox 1846 1280 2152 1348; x_wconf 90' lang='lat' dir='ltr'>dicendo:</span> <span class='ocrx_word' id='word_1_43' title='bbox 2224 1280 2377 1366; x_wconf 89' lang='lat' dir='ltr'>„qui</span> <span class='ocrx_word' id='word_1_44' title='bbox 2437 1281 2669 1350; x_wconf 90' lang='lat' dir='ltr'>monet</span> 
     </span>
     <span class='ocr_line' id='line_1_7' title="bbox 477 1401 2668 1486; baseline -0.001 -18"><span class='ocrx_word' id='word_1_45' title='bbox 477 1403 667 1486; x_wconf 82' lang='lat' dir='ltr'>quasi</span> <span class='ocrx_word' id='word_1_46' title='bbox 709 1402 1054 1468; x_wconf 86' lang='lat' dir='ltr'>adiuvat”.</span> <span class='ocrx_word' id='word_1_47' title='bbox 1105 1402 1406 1469; x_wconf 86' lang='lat' dir='ltr'>Curculio</span> <span class='ocrx_word' id='word_1_48' title='bbox 1449 1403 1711 1468; x_wconf 86' lang='lat' dir='ltr'>veritus</span> <span class='ocrx_word' id='word_1_49' title='bbox 1756 1420 1843 1470; x_wconf 91' lang='lat' dir='ltr'>ne</span> <span class='ocrx_word' id='word_1_50' title='bbox 1878 1402 2030 1470; x_wconf 87' lang='lat' dir='ltr'>leno</span> <span class='ocrx_word' id='word_1_51' title='bbox 2071 1401 2415 1468; x_wconf 80' lang='lat' dir='ltr'>molestias</span> <span class='ocrx_word' id='word_1_52' title='bbox 2454 1403 2668 1483; x_wconf 87' lang='lat' dir='ltr'>paret,</span> 
     </span>
     <span class='ocr_line' id='line_1_8' title="bbox 477 1522 2713 1610; baseline -0.002 -19"><span class='ocrx_word' id='word_1_53' title='bbox 477 1527 708 1591; x_wconf 87' lang='lat' dir='ltr'>monet</span> <span class='ocrx_word' id='word_1_54' title='bbox 754 1542 912 1590; x_wconf 90' lang='lat' dir='ltr'>eum</span> <span class='ocrx_word' id='word_1_55' title='bbox 957 1527 1039 1589; x_wconf 92' lang='lat' dir='ltr'>ut</span> <span class='ocrx_word' id='word_1_56' title='bbox 1085 1527 1356 1590; x_wconf 81' lang='lat' dir='ltr'>caveat:</span> <span class='ocrx_word' id='word_1_57' title='bbox 1413 1525 1616 1610; x_wconf 91' lang='lat' dir='ltr'>„leno,</span> <span class='ocrx_word' id='word_1_58' title='bbox 1659 1541 1823 1592; x_wconf 89' lang='lat' dir='ltr'>cave</span> <span class='ocrx_word' id='word_1_59' title='bbox 1862 1524 1933 1589; x_wconf 89' lang='lat' dir='ltr'>in</span> <span class='ocrx_word' id='word_1_60' title='bbox 1972 1527 2044 1590; x_wconf 88' lang='lat' dir='ltr'>te</span> <span class='ocrx_word' id='word_1_61' title='bbox 2080 1524 2173 1590; x_wconf 87' lang='lat' dir='ltr'>sit</span> <span class='ocrx_word' id='word_1_62' title='bbox 2211 1540 2398 1589; x_wconf 90' lang='lat' dir='ltr'>mora</span> <span class='ocrx_word' id='word_1_63' title='bbox 2436 1522 2667 1588; x_wconf 88' lang='lat' dir='ltr'>mihi’&#39;.</span> <span class='ocrx_word' id='word_1_64' title='bbox 2708 1550 2713 1560; x_wconf 90' lang='lat'><em>·</em></span> 
     </span>
     <span class='ocr_line' id='line_1_9' title="bbox 568 1616 2669 1724; baseline -0.001 -13"><span class='ocrx_word' id='word_1_65' title='bbox 568 1645 748 1713; x_wconf 86' lang='lat' dir='ltr'>Sicui</span> <span class='ocrx_word' id='word_1_66' title='bbox 810 1616 1062 1711; x_wconf 81' lang='lat' dir='ltr'>mirum·</span> <span class='ocrx_word' id='word_1_67' title='bbox 1115 1643 1385 1712; x_wconf 84' lang='lat' dir='ltr'>videtur</span> <span class='ocrx_word' id='word_1_68' title='bbox 1433 1646 1747 1714; x_wconf 91' lang='lat' dir='ltr'>lenonem</span> <span class='ocrx_word' id='word_1_69' title='bbox 1789 1646 1871 1713; x_wconf 90' lang='lat' dir='ltr'>de</span> <span class='ocrx_word' id='word_1_70' title='bbox 1917 1645 2131 1712; x_wconf 81' lang='lat' dir='ltr'>milite</span> <span class='ocrx_word' id='word_1_71' title='bbox 2176 1662 2311 1714; x_wconf 87' lang='lat' dir='ltr'>non</span> <span class='ocrx_word' id='word_1_72' title='bbox 2357 1645 2669 1724; x_wconf 87' lang='lat' dir='ltr'>cogitare,</span> 
     </span>
     <span class='ocr_line' id='line_1_10' title="bbox 479 1768 2669 1852; baseline -0.002 -16"><span class='ocrx_word' id='word_1_73' title='bbox 479 1786 718 1836; x_wconf 87' lang='lat' dir='ltr'>moneo</span> <span class='ocrx_word' id='word_1_74' title='bbox 760 1769 908 1851; x_wconf 82' lang='lat' dir='ltr'>ipsa</span> <span class='ocrx_word' id='word_1_75' title='bbox 951 1768 1242 1852; x_wconf 77' lang='lat' dir='ltr'>Lyconis</span> <span class='ocrx_word' id='word_1_76' title='bbox 1283 1770 1490 1834; x_wconf 88' lang='lat' dir='ltr'>verba</span> <span class='ocrx_word' id='word_1_77' title='bbox 1535 1769 1660 1835; x_wconf 88' lang='lat' dir='ltr'>hoc</span> <span class='ocrx_word' id='word_1_78' title='bbox 1697 1769 1956 1835; x_wconf 84' lang='lat' dir='ltr'>efficere</span> <span class='ocrx_word' id='word_1_79' title='bbox 1992 1770 2247 1835; x_wconf 87' lang='lat' dir='ltr'>debere.</span> <span class='ocrx_word' id='word_1_80' title='bbox 2294 1768 2479 1834; x_wconf 88' lang='lat' dir='ltr'>Haec</span> <span class='ocrx_word' id='word_1_81' title='bbox 2516 1785 2669 1849; x_wconf 91' lang='lat' dir='ltr'>quo·</span> 
     </span>
     <span class='ocr_line' id='line_1_11' title="bbox 479 1889 2671 1974; baseline -0.002 -17"><span class='ocrx_word' id='word_1_82' title='bbox 479 1907 608 1974; x_wconf 85' lang='lat' dir='ltr'>que</span> <span class='ocrx_word' id='word_1_83' title='bbox 666 1891 982 1957; x_wconf 81' lang='lat' dir='ltr'>consulto</span> <span class='ocrx_word' id='word_1_84' title='bbox 1051 1890 1149 1956; x_wconf 91' lang='lat' dir='ltr'>sic</span> <span class='ocrx_word' id='word_1_85' title='bbox 1217 1891 1526 1970; x_wconf 84' lang='lat' dir='ltr'>ambigue</span> <span class='ocrx_word' id='word_1_86' title='bbox 1595 1891 1773 1957; x_wconf 88' lang='lat' dir='ltr'>dicta</span> <span class='ocrx_word' id='word_1_87' title='bbox 1832 1907 1981 1957; x_wconf 90' lang='lat' dir='ltr'>esse</span> <span class='ocrx_word' id='word_1_88' title='bbox 2038 1889 2477 1958; x_wconf 87' lang='lat' dir='ltr'>manifestum</span> <span class='ocrx_word' id='word_1_89' title='bbox 2540 1890 2671 1954; x_wconf 89' lang='lat' dir='ltr'>est.</span> 
     </span>
     <span class='ocr_line' id='line_1_12' title="bbox 479 2011 2671 2094; baseline -0.001 -16"><span class='ocrx_word' id='word_1_90' title='bbox 479 2011 662 2094; x_wconf 79' lang='lat' dir='ltr'>Quod</span> <span class='ocrx_word' id='word_1_91' title='bbox 732 2011 864 2077; x_wconf 92' lang='lat' dir='ltr'>nisi</span> <span class='ocrx_word' id='word_1_92' title='bbox 931 2012 1030 2077; x_wconf 88' lang='lat' dir='ltr'>ita</span> <span class='ocrx_word' id='word_1_93' title='bbox 1082 2015 1298 2088; x_wconf 77' lang='lat' dir='ltr'>esset,</span> <span class='ocrx_word' id='word_1_94' title='bbox 1367 2014 1876 2094; x_wconf 76' lang='lat' dir='ltr'>exspectaretur</span> <span class='ocrx_word' id='word_1_95' title='bbox 1942 2012 2264 2078; x_wconf 88' lang='lat' dir='ltr'>nimirum</span> <span class='ocrx_word' id='word_1_96' title='bbox 2334 2011 2671 2094; x_wconf 83' lang='lat' dir='ltr'>Lyconem</span> 
     </span>
     <span class='ocr_line' id='line_1_13' title="bbox 479 2133 2675 2219; baseline -0.001 -18"><span class='ocrx_word' id='word_1_97' title='bbox 479 2136 818 2201; x_wconf 91' lang='lat' dir='ltr'>dicturum</span> <span class='ocrx_word' id='word_1_98' title='bbox 861 2150 1044 2199; x_wconf 84' lang='lat' dir='ltr'>esse:</span> <span class='ocrx_word' id='word_1_99' title='bbox 1099 2133 1244 2219; x_wconf 88' lang='lat' dir='ltr'>„hic</span> <span class='ocrx_word' id='word_1_100' title='bbox 1289 2137 1397 2199; x_wconf 92' lang='lat' dir='ltr'>est</span> <span class='ocrx_word' id='word_1_101' title='bbox 1444 2135 1729 2200; x_wconf 87' lang='lat' dir='ltr'>nuntius</span> <span class='ocrx_word' id='word_1_102' title='bbox 1774 2133 2031 2212; x_wconf 89' lang='lat' dir='ltr'>militis,</span> <span class='ocrx_word' id='word_1_103' title='bbox 2071 2133 2261 2198; x_wconf 87' lang='lat' dir='ltr'>venit</span> <span class='ocrx_word' id='word_1_104' title='bbox 2284 2136 2365 2198; x_wconf 92' lang='lat' dir='ltr'>ut</span> <span class='ocrx_word' id='word_1_105' title='bbox 2386 2133 2675 2198; x_wconf 90' lang='lat' dir='ltr'>abducat</span> 
     </span>
     <span class='ocr_line' id='line_1_14' title="bbox 479 2253 2671 2337; baseline -0.001 -15"><span class='ocrx_word' id='word_1_106' title='bbox 479 2255 930 2322; x_wconf 75' lang='lat' dir='ltr'>Planesium&#39;’‚</span> <span class='ocrx_word' id='word_1_107' title='bbox 991 2254 1192 2320; x_wconf 87' lang='lat' dir='ltr'>Porro</span> <span class='ocrx_word' id='word_1_108' title='bbox 1231 2254 1480 2336; x_wconf 58' lang='lat' dir='ltr'>quidni</span> <span class='ocrx_word' id='word_1_109' title='bbox 1537 2255 1778 2320; x_wconf 90' lang='lat' dir='ltr'>lacuna</span> <span class='ocrx_word' id='word_1_110' title='bbox 1836 2255 1946 2324; x_wconf 88' lang='lat' dir='ltr'>illa</span> <span class='ocrx_word' id='word_1_111' title='bbox 1983 2254 2184 2322; x_wconf 83' lang='grc'><strong>,6111111</strong></span> <span class='ocrx_word' id='word_1_112' title='bbox 2236 2255 2402 2337; x_wconf 85' lang='lat' dir='ltr'>-quid</span> <span class='ocrx_word' id='word_1_113' title='bbox 2470 2253 2671 2320; x_wconf 90' lang='lat' dir='ltr'>conti-</span> 
     </span>
     <span class='ocr_line' id='line_1_15' title="bbox 481 2375 2673 2458; baseline -0.001 -15"><span class='ocrx_word' id='word_1_114' title='bbox 481 2377 722 2452; x_wconf 91' lang='lat' dir='ltr'>nuerit,</span> <span class='ocrx_word' id='word_1_115' title='bbox 768 2376 942 2458; x_wconf 89' lang='lat' dir='ltr'>quod</span> <span class='ocrx_word' id='word_1_116' title='bbox 989 2375 1049 2442; x_wconf 90' lang='grc'>61</span> <span class='ocrx_word' id='word_1_117' title='bbox 1094 2378 1333 2442; x_wconf 87' lang='lat' dir='ltr'>notum</span> <span class='ocrx_word' id='word_1_118' title='bbox 1374 2377 1793 2455; x_wconf 87' lang='lat' dir='ltr'>haberemus,</span> <span class='ocrx_word' id='word_1_119' title='bbox 1842 2394 2038 2443; x_wconf 81' lang='lat' dir='ltr'>nemo</span> <span class='ocrx_word' id='word_1_120' title='bbox 2081 2377 2218 2444; x_wconf 89' lang='lat' dir='ltr'>iam</span> <span class='ocrx_word' id='word_1_121' title='bbox 2264 2377 2403 2443; x_wconf 92' lang='lat' dir='ltr'>loco</span> <span class='ocrx_word' id='word_1_122' title='bbox 2442 2379 2673 2441; x_wconf 89' lang='lat' dir='ltr'>nostro</span> 
     </span>
     <span class='ocr_line' id='line_1_16' title="bbox 480 2496 2674 2580; baseline -0.002 -15"><span class='ocrx_word' id='word_1_123' title='bbox 480 2498 942 2579; x_wconf 87' lang='lat' dir='ltr'>offenderetur,</span> <span class='ocrx_word' id='word_1_124' title='bbox 1003 2513 1061 2562; x_wconf 91' lang='grc'>6.</span> <span class='ocrx_word' id='word_1_125' title='bbox 1107 2513 1171 2577; x_wconf 87' lang='lat' dir='ltr'>g.</span> <span class='ocrx_word' id='word_1_126' title='bbox 1234 2514 1474 2564; x_wconf 87' lang='lat' dir='ltr'>versus</span> <span class='ocrx_word' id='word_1_127' title='bbox 1535 2499 1790 2579; x_wconf 88' lang='lat' dir='ltr'>aliquot</span> <span class='ocrx_word' id='word_1_128' title='bbox 1833 2497 2077 2580; x_wconf 88' lang='lat' dir='ltr'>quibus</span> <span class='ocrx_word' id='word_1_129' title='bbox 2120 2498 2268 2564; x_wconf 90' lang='lat' dir='ltr'>leno</span> <span class='ocrx_word' id='word_1_130' title='bbox 2315 2513 2543 2564; x_wconf 89' lang='lat' dir='ltr'>secum</span> <span class='ocrx_word' id='word_1_131' title='bbox 2591 2496 2674 2562; x_wconf 90' lang='lat' dir='ltr'>lo-</span> 
     </span>
     <span class='ocr_line' id='line_1_17' title="bbox 479 2619 2673 2705; baseline -0.001 -18"><span class='ocrx_word' id='word_1_132' title='bbox 479 2637 694 2703; x_wconf 87' lang='lat' dir='ltr'>quens</span> <span class='ocrx_word' id='word_1_133' title='bbox 761 2621 844 2687; x_wconf 93' lang='lat' dir='ltr'>de</span> <span class='ocrx_word' id='word_1_134' title='bbox 910 2619 1218 2699; x_wconf 82' lang='lat' dir='ltr'>Planesio</span> <span class='ocrx_word' id='word_1_135' title='bbox 1287 2619 1466 2686; x_wconf 89' lang='lat' dir='ltr'>dicat</span> <span class='ocrx_word' id='word_1_136' title='bbox 1533 2619 1757 2703; x_wconf 89' lang='lat' dir='ltr'>plures</span> <span class='ocrx_word' id='word_1_137' title='bbox 1825 2636 1992 2705; x_wconf 88' lang='lat' dir='ltr'>esse,</span> <span class='ocrx_word' id='word_1_138' title='bbox 2063 2620 2179 2702; x_wconf 90' lang='lat' dir='ltr'>qui</span> <span class='ocrx_word' id='word_1_139' title='bbox 2240 2636 2390 2686; x_wconf 89' lang='lat' dir='ltr'>eam</span> <span class='ocrx_word' id='word_1_140' title='bbox 2450 2635 2673 2703; x_wconf 86' lang='lat' dir='ltr'>emere</span> 
     </span>
     <span class='ocr_line' id='line_1_18' title="bbox 479 2742 2671 2825; baseline -0.001 -16"><span class='ocrx_word' id='word_1_141' title='bbox 479 2744 775 2825; x_wconf 88' lang='lat' dir='ltr'>cupiant,</span> <span class='ocrx_word' id='word_1_142' title='bbox 849 2745 1001 2808; x_wconf 89' lang='lat' dir='ltr'>tum</span> <span class='ocrx_word' id='word_1_143' title='bbox 1081 2742 1479 2825; x_wconf 76' lang='lat' dir='ltr'>trapezitam</span> <span class='ocrx_word' id='word_1_144' title='bbox 1553 2744 2197 2825; x_wconf 87' lang='lat' dir='ltr'>appropinquantem</span> <span class='ocrx_word' id='word_1_145' title='bbox 2257 2742 2671 2824; x_wconf 86' lang='lat' dir='ltr'>conspiciens</span> 
     </span>
     <span class='ocr_line' id='line_1_19' title="bbox 481 2864 2673 2954; baseline -0.001 -21"><span class='ocrx_word' id='word_1_146' title='bbox 481 2885 635 2934; x_wconf 89' lang='lat' dir='ltr'>cum</span> <span class='ocrx_word' id='word_1_147' title='bbox 681 2866 906 2946; x_wconf 87' lang='lat' dir='ltr'>ignoto</span> <span class='ocrx_word' id='word_1_148' title='bbox 949 2864 1317 2954; x_wconf 61' lang='lat' dir='ltr'>exclamet}</span> <span class='ocrx_word' id='word_1_149' title='bbox 1371 2865 1602 2951; x_wconf 86' lang='lat' dir='ltr'>„video</span> <span class='ocrx_word' id='word_1_150' title='bbox 1647 2865 2044 2947; x_wconf 85' lang='lat' dir='ltr'>trapezitam</span> <span class='ocrx_word' id='word_1_151' title='bbox 2068 2884 2227 2932; x_wconf 89' lang='grc'><strong>611111</strong></span> <span class='ocrx_word' id='word_1_152' title='bbox 2249 2865 2496 2946; x_wconf 84' lang='lat' dir='ltr'>ignoto,</span> <span class='ocrx_word' id='word_1_153' title='bbox 2526 2865 2673 2931; x_wconf 85' lang='lat' dir='ltr'>sine</span> 
     </span>
     <span class='ocr_line' id='line_1_20' title="bbox 479 2985 2675 3071; baseline -0.001 -17"><span class='ocrx_word' id='word_1_154' title='bbox 479 2990 676 3055; x_wconf 84' lang='lat' dir='ltr'>dubio</span> <span class='ocrx_word' id='word_1_155' title='bbox 719 2988 934 3054; x_wconf 93' lang='lat' dir='ltr'>denuo</span> <span class='ocrx_word' id='word_1_156' title='bbox 977 2987 1246 3053; x_wconf 88' lang='lat' dir='ltr'>adducit</span> <span class='ocrx_word' id='word_1_157' title='bbox 1289 2985 1594 3071; x_wconf 82' lang='lat' dir='ltr'>aliquem,</span> <span class='ocrx_word' id='word_1_158' title='bbox 1629 2987 1745 3069; x_wconf 88' lang='lat' dir='ltr'>qui</span> <span class='ocrx_word' id='word_1_159' title='bbox 1781 2987 1931 3053; x_wconf 88' lang='lat' dir='ltr'>vult</span> <span class='ocrx_word' id='word_1_160' title='bbox 1953 3004 2174 3053; x_wconf 91' lang='lat' dir='ltr'>emere</span> <span class='ocrx_word' id='word_1_161' title='bbox 2194 2985 2621 3053; x_wconf 87' lang='lat' dir='ltr'>Planesium’&#39;</span> <span class='ocrx_word' id='word_1_162' title='bbox 2640 2987 2675 3051; x_wconf 81' lang='lat'>‘?</span> 
     </span>
     <span class='ocr_line' id='line_1_21' title="bbox 571 3107 2672 3189; baseline -0.001 -16"><span class='ocrx_word' id='word_1_163' title='bbox 571 3108 726 3175; x_wconf 92' lang='lat' dir='ltr'>Loci</span> <span class='ocrx_word' id='word_1_164' title='bbox 787 3108 892 3174; x_wconf 82' lang='lat' dir='ltr'>vis</span> <span class='ocrx_word' id='word_1_165' title='bbox 930 3108 1186 3175; x_wconf 80' lang='lat' dir='ltr'>comica</span> <span class='ocrx_word' id='word_1_166' title='bbox 1231 3107 1394 3173; x_wconf 86' lang='lat' dir='ltr'>haec</span> <span class='ocrx_word' id='word_1_167' title='bbox 1440 3111 1566 3183; x_wconf 89' lang='lat' dir='ltr'>est,</span> <span class='ocrx_word' id='word_1_168' title='bbox 1615 3108 1787 3189; x_wconf 90' lang='lat' dir='ltr'>quod</span> <span class='ocrx_word' id='word_1_169' title='bbox 1834 3108 1983 3174; x_wconf 90' lang='lat' dir='ltr'>leno</span> <span class='ocrx_word' id='word_1_170' title='bbox 2029 3108 2496 3175; x_wconf 89' lang='lat' dir='ltr'>iusiurandum</span> <span class='ocrx_word' id='word_1_171' title='bbox 2543 3124 2672 3175; x_wconf 90' lang='lat' dir='ltr'>ser-</span> 
     </span>
     <span class='ocr_line' id='line_1_22' title="bbox 482 3229 2674 3314; baseline -0.002 -16"><span class='ocrx_word' id='word_1_172' title='bbox 482 3236 619 3314; x_wconf 88' lang='lat' dir='ltr'>vat,</span> <span class='ocrx_word' id='word_1_173' title='bbox 681 3232 932 3312; x_wconf 88' lang='lat' dir='ltr'>putans</span> <span class='ocrx_word' id='word_1_174' title='bbox 991 3248 1064 3297; x_wconf 88' lang='grc'>66</span> <span class='ocrx_word' id='word_1_175' title='bbox 1123 3230 1324 3296; x_wconf 91' lang='lat' dir='ltr'>fidem</span> <span class='ocrx_word' id='word_1_176' title='bbox 1386 3233 1670 3296; x_wconf 87' lang='lat' dir='ltr'>mutare.</span> <span class='ocrx_word' id='word_1_177' title='bbox 1744 3229 1940 3296; x_wconf 92' lang='lat' dir='ltr'>Domi</span> <span class='ocrx_word' id='word_1_178' title='bbox 1998 3233 2230 3297; x_wconf 89' lang='lat' dir='ltr'>autem</span> <span class='ocrx_word' id='word_1_179' title='bbox 2293 3231 2535 3298; x_wconf 87' lang='lat' dir='ltr'>certior</span> <span class='ocrx_word' id='word_1_180' title='bbox 2593 3230 2674 3295; x_wconf 91' lang='lat' dir='ltr'>fit</span> 
     </span>
     <span class='ocr_line' id='line_1_23' title="bbox 482 3350 2673 3433; baseline -0.002 -14"><span class='ocrx_word' id='word_1_181' title='bbox 482 3352 820 3419; x_wconf 88' lang='lat' dir='ltr'>hominem</span> <span class='ocrx_word' id='word_1_182' title='bbox 865 3352 1184 3418; x_wconf 87' lang='lat' dir='ltr'>nuntium</span> <span class='ocrx_word' id='word_1_183' title='bbox 1229 3367 1376 3417; x_wconf 89' lang='lat' dir='ltr'>esse</span> <span class='ocrx_word' id='word_1_184' title='bbox 1424 3350 1677 3417; x_wconf 89' lang='lat' dir='ltr'>militis.</span> <span class='ocrx_word' id='word_1_185' title='bbox 1740 3352 1892 3417; x_wconf 91' lang='lat' dir='ltr'>Ideo</span> <span class='ocrx_word' id='word_1_186' title='bbox 1938 3356 2171 3433; x_wconf 88' lang='lat' dir='ltr'>postea</span> <span class='ocrx_word' id='word_1_187' title='bbox 2217 3369 2321 3418; x_wconf 84' lang='lat' dir='ltr'>vs.</span> <span class='ocrx_word' id='word_1_188' title='bbox 2370 3350 2501 3417; x_wconf 80' lang='lat'>566</span> <span class='ocrx_word' id='word_1_189' title='bbox 2546 3350 2673 3430; x_wconf 83' lang='lat' dir='ltr'>glo-</span> 
     </span>
     <span class='ocr_line' id='line_1_24' title="bbox 483 3472 2675 3555; baseline -0.002 -15"><span class='ocrx_word' id='word_1_190' title='bbox 483 3474 638 3540; x_wconf 90' lang='lat' dir='ltr'>riari</span> <span class='ocrx_word' id='word_1_191' title='bbox 697 3475 922 3555; x_wconf 88' lang='lat' dir='ltr'>potest</span> <span class='ocrx_word' id='word_1_192' title='bbox 981 3490 1056 3539; x_wconf 91' lang='lat' dir='ltr'>se</span> <span class='ocrx_word' id='word_1_193' title='bbox 1099 3473 1299 3538; x_wconf 91' lang='lat' dir='ltr'>fidem</span> <span class='ocrx_word' id='word_1_194' title='bbox 1346 3490 1669 3548; x_wconf 85' lang='lat' dir='ltr'>servasse,</span> <span class='ocrx_word' id='word_1_195' title='bbox 1719 3490 1889 3555; x_wconf 89' lang='lat' dir='ltr'>quae</span> <span class='ocrx_word' id='word_1_196' title='bbox 1935 3474 2139 3539; x_wconf 87' lang='lat' dir='ltr'>verba</span> <span class='ocrx_word' id='word_1_197' title='bbox 2184 3489 2417 3539; x_wconf 79' lang='lat' dir='ltr'>revera</span> <span class='ocrx_word' id='word_1_198' title='bbox 2461 3472 2675 3539; x_wconf 82' lang='grc'><strong>11611111</strong></span> 
     </span>
     <span class='ocr_line' id='line_1_25' title="bbox 485 3591 2675 3676; baseline -0.003 -14"><span class='ocrx_word' id='word_1_199' title='bbox 485 3612 752 3662; x_wconf 89' lang='lat' dir='ltr'>movere</span> <span class='ocrx_word' id='word_1_200' title='bbox 798 3596 1101 3676; x_wconf 85' lang='lat' dir='ltr'>possunt,</span> <span class='ocrx_word' id='word_1_201' title='bbox 1151 3594 1210 3659; x_wconf 92' lang='lat' dir='ltr'>si</span> <span class='ocrx_word' id='word_1_202' title='bbox 1251 3594 1568 3673; x_wconf 88' lang='lat' dir='ltr'>fingimus</span> <span class='ocrx_word' id='word_1_203' title='bbox 1613 3593 1922 3660; x_wconf 89' lang='lat' dir='ltr'>lenonem</span> <span class='ocrx_word' id='word_1_204' title='bbox 1966 3610 2046 3660; x_wconf 91' lang='lat' dir='ltr'>ea</span> <span class='ocrx_word' id='word_1_205' title='bbox 2083 3594 2515 3676; x_wconf 88' lang='lat' dir='ltr'>pronuntiare</span> <span class='ocrx_word' id='word_1_206' title='bbox 2553 3591 2675 3658; x_wconf 84' lang='lat' dir='ltr'>tali</span> 
     </span>
     <span class='ocr_line' id='line_1_26' title="bbox 484 3714 2677 3800; baseline -0.002 -18"><span class='ocrx_word' id='word_1_207' title='bbox 484 3717 700 3800; x_wconf 88' lang='lat' dir='ltr'>vultu,</span> <span class='ocrx_word' id='word_1_208' title='bbox 763 3716 957 3797; x_wconf 90' lang='lat' dir='ltr'>quasi</span> <span class='ocrx_word' id='word_1_209' title='bbox 1018 3732 1388 3797; x_wconf 90' lang='lat' dir='ltr'>numquam</span> <span class='ocrx_word' id='word_1_210' title='bbox 1442 3715 1903 3797; x_wconf 88' lang='lat' dir='ltr'>periuraverit‚</span> <span class='ocrx_word' id='word_1_211' title='bbox 1951 3733 2105 3782; x_wconf 89' lang='lat' dir='ltr'>cum</span> <span class='ocrx_word' id='word_1_212' title='bbox 2154 3716 2277 3781; x_wconf 88' lang='grc'><strong>1166</strong></span> <span class='ocrx_word' id='word_1_213' title='bbox 2318 3717 2499 3781; x_wconf 87' lang='grc'><strong>66116</strong></span> <span class='ocrx_word' id='word_1_214' title='bbox 2543 3714 2677 3779; x_wconf 88' lang='lat' dir='ltr'>ius-</span> 
     </span>
     <span class='ocr_line' id='line_1_27' title="bbox 478 3836 2627 3920; baseline 0 -19"><span class='ocrx_word' id='word_1_215' title='bbox 478 3836 838 3903; x_wconf 88' lang='lat' dir='ltr'>iurandum</span> <span class='ocrx_word' id='word_1_216' title='bbox 885 3837 1259 3903; x_wconf 83' lang='lat' dir='ltr'>servaverit</span> <span class='ocrx_word' id='word_1_217' title='bbox 1303 3837 1590 3919; x_wconf 90' lang='lat' dir='ltr'>quidem,</span> <span class='ocrx_word' id='word_1_218' title='bbox 1631 3838 1746 3903; x_wconf 92' lang='lat' dir='ltr'>sed</span> <span class='ocrx_word' id='word_1_219' title='bbox 1792 3837 2181 3920; x_wconf 88' lang='lat' dir='ltr'>imprudens</span> <span class='ocrx_word' id='word_1_220' title='bbox 2226 3838 2627 3919; x_wconf 88' lang='lat' dir='ltr'>insciusque.</span> 
     </span>
     <span class='ocr_line' id='line_1_28' title="bbox 572 3954 2679 4042; baseline 0 -19"><span class='ocrx_word' id='word_1_221' title='bbox 572 3958 756 4039; x_wconf 77' lang='lat' dir='ltr'>Quod</span> <span class='ocrx_word' id='word_1_222' title='bbox 815 3957 1036 4024; x_wconf 67' lang='grc'><strong>661112</strong></span> <span class='ocrx_word' id='word_1_223' title='bbox 1068 3954 1115 4042; x_wconf 92' lang='lat'>¹)</span> <span class='ocrx_word' id='word_1_224' title='bbox 1161 3959 1243 4024; x_wconf 92' lang='lat' dir='ltr'>de</span> <span class='ocrx_word' id='word_1_225' title='bbox 1285 3958 1709 4024; x_wconf 89' lang='lat' dir='ltr'>iureiurando</span> <span class='ocrx_word' id='word_1_226' title='bbox 1757 3959 2167 4026; x_wconf 88' lang='lat' dir='ltr'>Phaedromo</span> <span class='ocrx_word' id='word_1_227' title='bbox 2211 3961 2370 4026; x_wconf 89' lang='lat' dir='ltr'>dato</span> <span class='ocrx_word' id='word_1_228' title='bbox 2415 3960 2523 4025; x_wconf 90' lang='lat' dir='ltr'>hic</span> <span class='ocrx_word' id='word_1_229' title='bbox 2570 3958 2679 4039; x_wconf 85' lang='lat' dir='ltr'>agi</span> 
     </span>
     <span class='ocr_line' id='line_1_29' title="bbox 483 4078 2678 4164; baseline 0.001 -20"><span class='ocrx_word' id='word_1_230' title='bbox 483 4080 710 4158; x_wconf 85' lang='lat' dir='ltr'>credit,</span> <span class='ocrx_word' id='word_1_231' title='bbox 777 4079 915 4145; x_wconf 89' lang='lat' dir='ltr'>iam</span> <span class='ocrx_word' id='word_1_232' title='bbox 981 4079 1222 4145; x_wconf 88' lang='lat' dir='ltr'>refellit</span> <span class='ocrx_word' id='word_1_233' title='bbox 1259 4082 1589 4147; x_wconf 70' lang='lat' dir='ltr'>Rrssnox</span> <span class='ocrx_word' id='word_1_234' title='bbox 1613 4078 1687 4164; x_wconf 78' lang='lat'>⁵³),</span> <span class='ocrx_word' id='word_1_235' title='bbox 1738 4081 2133 4147; x_wconf 87' lang='lat' dir='ltr'>Phaedromi</span> <span class='ocrx_word' id='word_1_236' title='bbox 2193 4082 2678 4163; x_wconf 88' lang='lat' dir='ltr'>querimoniam</span> 
     </span>
    </p>
   </div>
   <div class='ocr_carea' id='block_1_3' title="bbox 490 4214 877 4229">
    <p class='ocr_par' dir='ltr' id='par_1_3' title="bbox 490 4214 877 4229">
     <span class='ocr_line' id='line_1_30' title="bbox 490 4214 877 4229; baseline 0 1121"><span class='ocrx_word' id='word_1_237' title='bbox 490 4214 877 4229; x_wconf 95' lang='lat' dir='ltr'> </span> 
     </span>
    </p>
   </div>
   <div class='ocr_carea' id='block_1_4' title="bbox 487 4246 2683 4519">
    <p class='ocr_par' dir='ltr' id='par_1_4' title="bbox 487 4246 2683 4519">
     <span class='ocr_line' id='line_1_31' title="bbox 487 4246 2683 4409; baseline -0.001 -82"><span class='ocrx_word' id='word_1_238' title='bbox 487 4359 538 4409; x_wconf 84' lang='lat' dir='ltr'><strong>V</strong></span> <span class='ocrx_word' id='word_1_239' title='bbox 553 4246 616 4343; x_wconf 62' lang='lat'>1)&#39;</span> <span class='ocrx_word' id='word_1_240' title='bbox 649 4271 1054 4344; x_wconf 79' lang='lat' dir='ltr'>Dittographien</span> <span class='ocrx_word' id='word_1_241' title='bbox 1091 4271 1161 4326; x_wconf 91' lang='lat' dir='ltr'>im</span> <span class='ocrx_word' id='word_1_242' title='bbox 1199 4270 1582 4342; x_wconf 66' lang='lat' dir='ltr'>Plautiutexte,</span> <span class='ocrx_word' id='word_1_243' title='bbox 1621 4272 1759 4327; x_wconf 79' lang='lat' dir='ltr'>Acta</span> <span class='ocrx_word' id='word_1_244' title='bbox 1776 4271 2051 4329; x_wconf 76' lang='lat' dir='ltr'>Societatis</span> <span class='ocrx_word' id='word_1_245' title='bbox 2070 4272 2376 4347; x_wconf 70' lang='lat' dir='ltr'>Philologus</span> <span class='ocrx_word' id='word_1_246' title='bbox 2395 4270 2683 4344; x_wconf 83' lang='lat' dir='ltr'>Lipsiensis</span> 
     </span>
     <span class='ocr_line' id='line_1_32' title="bbox 540 4360 1217 4519; baseline -0.001 -17"><span class='ocrx_word' id='word_1_247' title='bbox 540 4360 689 4519; x_wconf 47' lang='grc' dir='ltr'>Ιὥρι’.</span> <span class='ocrx_word' id='word_1_248' title='bbox 713 4360 847 4517; x_wconf 38' lang='lat' dir='ltr'>iius.</span> <span class='ocrx_word' id='word_1_249' title='bbox 887 4446 975 4517; x_wconf 85' lang='lat'>81,</span> <span class='ocrx_word' id='word_1_250' title='bbox 1009 4464 1128 4503; x_wconf 75' lang='lat' dir='ltr'>ann.</span> <span class='ocrx_word' id='word_1_251' title='bbox 1168 4446 1217 4501; x_wconf 80' lang='lat'>2.</span> 
     </span>
    </p>
   </div>
  </div>
 </body>
</html>
