3450 5350
1788 592 1916 657 158

840 763 1008 844 Quid
1068 769 1300 833 autem
1354 769 1681 836 faciamus
1733 788 1933 837 versu
1983 773 2109 837 681
2131 772 2166 835 ’.Ρ
2214 770 2426 837 Multa
2473 787 2743 836 monere
2789 770 2955 834 mihi

754 884 1069 951 videntur
1128 904 1403 955 versum
1464 894 1772 973 spurium
1820 890 1986 960 esse.
2034 894 2357 975 Primum,
2407 893 2466 957 si
2511 895 2692 957 recte
2736 892 2954 972 dispu-

753 1006 899 1069 tavi
959 1006 1039 1071 de
1103 1025 1304 1075 versu
1364 1014 1808 1097 praecedenti,
1874 1014 2178 1095 sequitur
2231 1006 2602 1079 secundum
2646 1013 2955 1086 lenonem

754 1128 925 1194 male
968 1130 1231 1196 credere
1269 1150 1450 1198 esse:
1494 1135 1593 1199 ita
1632 1135 1914 1211 credere,
1955 1141 2036 1200 ut
2072 1135 2398 1201 creditum
2441 1150 2576 1199 non
2615 1132 2953 1199 reddatur.

754 1245 930 1314 Nam
998 1253 1171 1333 quod
1240 1256 1529 1336 explicat
1597 1256 1990 1323 LAMmNus:
2063 1259 2179 1339 qui
2245 1257 2658 1337 armentariis
2725 1254 2951 1334 credit,

744 1388 1041 1451 prorsus
1091 1376 1341 1456 perdit,
1410 1394 1643 1443 verum
1706 1395 1855 1443 esse
1912 1395 2044 1443 non
2090 1379 2346 1459 potest3
2397 1396 2531 1442 non
2578 1362 2774 1442 enim'
2805 1374 2954 1441 leno

757 1492 1085 1559 creditum
1128 1496 1430 1579 perdidit,
1473 1498 1587 1564 sed
1627 1499 2066 1580 recuperavit.
2109 1499 2258 1564 Non
2293 1498 2500 1578 igitur
2539 1498 2666 1563 dici
2697 1499 2952 1579 potest:

767 1637 937 1704 „non
993 1616 1168 1710 male
1211 1618 1505 1684 creditur
1551 1621 1665 1701 qui
1711 1638 2082 1701 numquam
2126 1620 2437 1696 reddunt,
2485 1620 2600 1685 sed
2647 1636 2956 1700 prorsum

756 1738 991 1823 perit'’.
1056 1742 1166 1805 An
1229 1740 1511 1807 fortasse
1571 1758 1687 1822 pro
1742 1760 1876 1806 non
1915 1759 2070 1807 cum
2118 1742 2171 1806 E
2217 1740 2572 1822 legendum
2619 1745 2726 1806 est
2771 1758 2956 1816 nam,

755 1862 930 1944 quod
991 1862 1155 1927 facit
1214 1861 1470 1928 Ussme
1487 1864 1522 1925 ‘3
1591 1864 1687 1927 At
1759 1864 1854 1928 sic
1901 1881 2036 1929 non
2084 1866 2263 1929 recte
2308 1862 2606 1945 procedit
2651 1860 2962 1927 enuncia-

760 1986 931 2058 tum‚
979 1982 1114 2048 nisi
1160 2000 1277 2063 pro
1324 1984 1439 2048 sed
1481 1983 1728 2062 legitur
1766 1986 1928 2066 quia
1967 1984 2074 2050 vel
2111 1984 2438 2050 eiusmodi
2474 1983 2752 2064 aliquid;
2803 2000 2964 2047 nam

761 2105 943 2170 nuna
980 2104 1117 2169 iam
1156 2106 1483 2186 oppositio
1526 2108 1759 2171 exstat
1793 2106 1972 2171 inter
2010 2106 2178 2171 duas
2215 2106 2362 2171 eius
2404 2109 2650 2185 partes,
2692 2104 2990 2191 Deinde,

711 2224 723 2237 '
764 2226 821 2291 si
883 2225 1030 2291 leno
1090 2226 1515 2307 significaret,
1579 2226 1738 2307 quid
1795 2227 2194 2307 intelligeret
2239 2228 2410 2292 male
2454 2227 2655 2301 credi,
2699 2242 2966 2306 exspec-

764 2351 948 2414 tares
992 2348 1198 2413 etiam
1240 2365 1397 2413 eum
1436 2348 1666 2431 dicere,
1710 2350 2037 2430 quomodo
2078 2350 2230 2413 bene
2270 2350 2452 2413 credi
2487 2347 2693 2428 accipi
2734 2344 2965 2412 vellet:

766 2470 929 2535 talia
999 2470 1166 2535 fere:
1231 2469 1521 2535 ‘etiamsi
1584 2471 1912 2535 creditum
1971 2469 2290 2552 redditur,
2355 2488 2440 2535 ne
2502 2473 2651 2533 tum
2697 2466 2968 2548 quidem

767 2590 895 2657 dici
942 2594 1166 2672 potest
1213 2591 1378 2656 bene
1424 2590 1630 2667 credi;
1682 2609 1841 2656 nam
1889 2609 2021 2657 non
2067 2608 2276 2672 parvo
2321 2590 2586 2669 negotio
2631 2605 2969 2669 recupera·

768 2713 923 2779 tur’.
986 2713 1335 2779 Postremo
1396 2717 1549 2794 post
1608 2731 1709 2779 vs.
1776 2715 1908 2779 680
1961 2715 2199 2779 statim
2247 2713 2508 2794 requiro
2556 2711 2971 2776 mentionem

758 2837 913 2928 'eius
977 2836 1091 2917 rei,
1148 2851 1350 2915 quam
1397 2834 1546 2900 leno
1590 2838 1912 2915 expertus
1958 2837 2086 2900 est.
2137 2835 2256 2900 Vs.
2307 2834 2432 2898 681
2487 2832 2824 2898 disturbat
2870 2846 2970 2906 ea,

764 2975 936 3040 quae
980 2957 1356 3022 cohaerent.
1421 2955 1565 3032 Sat,
1611 2957 1864 3038 opinor,
1910 2973 2284 3035 causarum,
2335 2973 2454 3020 cur
2501 2970 2776 3018 versum
2823 2969 2976 3033 spu-

770 3080 949 3145 rium
987 3095 1134 3144 esse
1170 3080 1581 3143 statuamus.
1622 3079 1968 3144 Emblema
2000 3079 2300 3143 eiusdem
2340 3077 2602 3156 generis
2639 3078 2748 3141 est
2769 3078 2974 3156 atque

770 3200 943 3281 quod
990 3198 1315 3265 indicavit
1361 3198 1497 3264 Lao
1547 3199 1724 3265 Trin.
1781 3201 1954 3264 1130
2001 3217 2098 3281 sq.

860 3320 1043 3402 Quod
1106 3319 1329 3385 Gonrz
1383 3325 1544 3386 ante
1591 3339 1693 3386 vs.
1745 3323 1870 3387 681
1923 3321 2242 3388 nonnulla
2287 3321 2701 3389 intercidisse
2746 3320 2967 3400 putat,

770 3421 956 3508 velut
1000 3440 1196 3505 haec:
1270 3440 1432 3525 „Qui
1473 3444 1872 3508 cunctanter
1915 3443 2203 3509 reddunt
2246 3442 2376 3509 illis
2422 3442 2597 3508 male
2634 3457 2754 3520 ego
2791 3437 2970 3504 credi

767 3562 1178 3644 existumo”,
1240 3562 1348 3628 his
1408 3563 1685 3629 insertis
1745 3563 1925 3630 locus
1986 3583 2119 3630 non
2183 3567 2484 3631 sanatur.
2557 3563 2729 3629 Nam
2790 3561 2970 3642 Lyco

766 3683 1127 3751 admodum
1171 3687 1567 3749 cunctanter
1612 3685 1921 3752 reddidit.
1959 3687 2130 3766 Ergo
2169 3687 2328 3751 hinc
2365 3685 2787 3752 efficiendum
2828 3686 2976 3748 erat

767 3806 1168 3887 argentariis
1214 3807 1434 3872 male
1479 3807 1682 3884 credi,
1730 3825 1865 3874 non
1913 3811 1998 3874 et
2044 3809 2393 3875 beneet
2441 3785 2685 3873 ma'le.

863 4067 967 4116 vs.
1018 4051 1149 4116 693
1196 4069 1230 4116 ε
1324 4098 1339 4115 .
1466 4109 1471 4113 ,

949 4173 1089 4239 ΡΗ.
1117 4068 1372 4238 ΟοΙῗιῗῑη
1404 4170 1762 4254 obstringe,
1790 4173 2040 4239 abduce
2072 4173 2287 4238 istum
2312 4172 2382 4237 in
2411 4171 2660 4236 malam
2684 4186 2974 4235 crucem.

948 4293 1091 4358 ΤΗ.
1125 4290 1450 4373 Quidquid
1482 4294 1609 4368 est,
1636 4291 1780 4373 ipse
1807 4293 1932 4359 ibit
1957 4294 2202 4375 potius.
2233 4291 2372 4359 CA.
2399 4292 2527 4357 Pro
2551 4291 2751 4356 deum
2773 4293 2975 4370 atque
3079 4309 3083 4314 ·

2241 4414 2615 4494 [hominum
2660 4412 2878 4494 fldem,
