3450 5350
1808 602 1934 668 132

770 799 846 849 eo
905 782 1044 849 loco
1101 784 1519 850 intercidisse
1578 802 1715 851 non
1777 786 2210 852 temerarium
2269 790 2372 851 est
2420 788 2741 860 statuere,
2790 784 2970 849 hunc

769 905 1222 972 nanciscimur
1266 923 1570 973 versum:

952 1026 1119 1108 Quid
1143 1027 1268 1093 fec-i
1292 1027 1421 1093 nisi
1444 1029 1618 1109 quod
1644 1030 2002 1111 mandasti,
2027 1030 2130 1095 tui
2155 1034 2233 1095 ut
2256 1028 2528 1094 honoris
2552 1029 2767 1108 gratia
2784 1045 2967 1110 e.q.s.

857 1146 1021 1214 Post
1060 1149 1296 1215 verba:
1344 1150 1545 1235 „facis
1584 1150 1957 1232 sapientius
1986 1168 2189 1233 quam
2227 1168 2382 1231 pars
2416 1150 2753 1224 lenonum,
2785 1148 2968 1213 liber-

766 1273 875 1336 tos
919 1271 1035 1353 qui
1080 1271 1331 1337 habent
1385 1275 1456 1337 et
1500 1288 1614 1338 eos
1660 1272 2023 1338 deserunt”
2070 1272 2248 1354 Lyco
2294 1288 2464 1353 quae
2511 1287 2646 1335 non
2693 1268 2777 1335 ad
2825 1285 2967 1334 rem

766 1392 1110 1473 pertinent
1156 1396 1364 1459 missa
1411 1393 1659 1460 faciens
1696 1394 2048 1477 ipsamque
2085 1410 2227 1458 rem
2265 1392 2674 1472 aggrediens,
2716 1390 2969 1457 scilicet

764 1513 825 1579 is
867 1532 1129 1596 quoque
1183 1516 1593 1582 Curculionis
1638 1515 1941 1581 fraudem
1987 1515 2304 1595 ignorans
2348 1516 2556 1580 etiam
2599 1516 2803 1595 atque
2851 1512 2970 1578 mi·

766 1637 957 1701 ratus
1017 1636 1188 1718 quod
1249 1637 1444 1702 miles
1495 1641 1643 1702 tam
1698 1637 1966 1702 insolite
2014 1637 2310 1717 mireque
2359 1653 2432 1701 se
2478 1638 2687 1717 gerat,
2736 1638 2965 1714 rogat:

772 1755 966 1842 „quid
1014 1757 1138 1823 feci
1183 1775 1240 1824 e.
1289 1776 1351 1840 q.
1403 1777 1458 1824 S.
1474 1758 1552 1823 ?'’
1590 1757 1638 1843 ¹)
1700 1759 1923 1824 Verba
1969 1762 2148 1824 tuom
2198 1759 2316 1840 qui
2361 1760 2636 1838 signum
2684 1772 2965 1837 pronun-

764 1877 948 1943 tians
995 1877 1198 1944 simul
1242 1879 1467 1960 ipsum
1514 1880 1785 1973 signum
1833 1883 2190 1945 monstrat.
2239 1878 2414 1943 Tum
2464 1877 2692 1942 miles:

900 2078 903 2083 Ι
944 1998 1229 2065 Stultior
1274 1998 1485 2065 stulto
1525 2000 1739 2076 fuisti,
1785 2000 1902 2081 qui
1947 1999 2084 2064 his
2132 1999 2393 2065 tabellis
2440 1998 2759 2064 crederes.

852 2120 979 2187 Pro
1026 2121 1134 2212 his
1176 2122 1351 2202 quod
1398 2124 1593 2186 extat
1639 2121 1711 2186 in
1759 2121 1809 2205 I,
1861 2121 2069 2186 BEV
2114 2121 2366 2187 habent
2413 2122 2522 2185 iis.
2572 2121 2707 2185 Lao
2754 2119 2966 2201 sequi-

762 2244 877 2306 tur
947 2241 1328 2307 Ussmemu
1396 2241 1749 2307 delendum
1813 2258 1963 2307 esse
2022 2258 2385 2323 pronomen
2446 2240 2966 2307 contendentem

760 2378 1077 2443 apparere
1145 2378 1231 2427 ex
1299 2360 1588 2443 Lyconis
1657 2380 2010 2444 responso3
2084 2379 2245 2449 „nec
2305 2363 2487 2429 enim
2550 2359 2965 2427 Curculionis

762 2481 1041 2557 tabellis,
1107 2482 1222 2549 sed
1283 2483 1554 2550 omnino
1608 2481 1870 2549 tabellis
1917 2483 2025 2549 vel
2071 2499 2176 2547 res
2223 2482 2484 2564 publica
2530 2481 2636 2546 vel
2682 2481 2965 2546 aliorum

761 2605 1064 2686 privatae
1130 2623 1238 2672 res
1299 2604 1688 2686 geruntur'’.
1747 2606 1846 2670 At
1907 2621 2132 2671 nonne
2179 2603 2372 2670 miles
2419 2610 2640 2669 certas
2687 2603 2965 2669 tabellas

758 2726 1051 2793 indicare
1134 2731 1359 2808 potest
1428 2731 1631 2809 atque
1700 2728 1880 2810 Lyco
1950 2727 2031 2794 de
2100 2727 2362 2793 tabellis
2428 2727 2499 2791 in
2569 2726 2961 2792 universum

759 2848 936 2931 loqui
985 2865 1254 2930 pergere
1270 2844 1306 2913 ⁴?

853 2969 1184 3054 Vidimus,
1233 2971 1365 3036 nisi
1411 2971 1637 3037 omnia
1684 2988 1794 3037 me
1833 2971 2093 3051 fallunt,
2137 2970 2218 3035 de
2261 2969 2400 3036 loco
2439 2970 2788 3035 decurtato
2826 2986 2960 3035 non

757 3107 906 3156 esse
955 3109 1109 3157 cum
1155 3091 1407 3158 Lnomo
1453 3092 1904 3174 cogitandum.

850 3212 949 3277 Ut
1007 3214 1214 3278 etiam
1272 3214 1541 3279 redeam
1603 3215 1686 3280 ad
1751 3215 1958 3278 verba
2019 3212 2407 3278 Nmnnrsnm
2471 3229 2674 3293 supra
2726 3211 2956 3290 citata,

756 3351 891 3399 non
954 3334 1267 3417 intellige,
1334 3334 1393 3400 si
1455 3335 1587 3400 duo
1650 3351 1890 3399 versus
1951 3334 2170 3399 locum
2235 3336 2525 3408 mutent,
2592 3330 2960 3413 periculum

757 3457 978 3520 maius
1037 3472 1188 3520 esse
1251 3472 1334 3520 ne
1395 3456 1545 3537 quis
1607 3472 1848 3521 versus
1910 3456 2196 3520 excidat.
2259 3455 2442 3537 Quod
2503 3454 2846 3520 contendit
2891 3454 2958 3518 id

756 3592 955 3656 saepe
1001 3576 1257 3642 factum
1303 3593 1472 3657 esse,
1520 3576 1762 3643 vellem
1806 3577 1998 3659 plura
2037 3576 2378 3642 laudasset
2415 3574 2740 3655 exempla.
2785 3574 2958 3640 Nam

757 3713 972 3779 neque
1032 3699 1204 3779 quod
1260 3698 1455 3763 affert
1522 3703 1895 3780 opportune
1957 3697 2244 3765 electum
2304 3700 2411 3762 est
2472 3696 2657 3779 (quid
2703 3696 2784 3761 de
2829 3696 2959 3762 illis

752 4016 867 4082 eto.)
917 4011 1115 4068 feruor:
1169 4012 1309 4068 Rud.
1358 4012 1451 4067 III
1497 4015 1548 4082 2,
1586 4014 1750 4080 15s20
1788 4015 1950 4083 Teque
1983 4030 2070 4067 oro
2103 4017 2154 4066 et
2188 4029 2374 4082 quae-eo
2409 4043 2480 4053 —
2516 4016 2574 4066 ut
2605 4016 2654 4065 te
2689 4029 2752 4064 ne
2781 4013 2961 4082 piqeat

752 4099 878 4152 dare
924 4116 1126 4168 operam
1171 4101 1319 4163 mihi;
1355 4099 1497 4154 Trin.
1535 4098 1627 4154 ΙΙΙ
1666 4102 1719 4166 2,
1755 4101 1822 4154 63
1859 4101 1950 4153 sed
1983 4103 2042 4153 ut
2074 4100 2218 4167 inops
2253 4098 2464 4170 infamis
2499 4115 2562 4151 ne
2595 4099 2711 4159 sim
2747 4095 2862 4150 Mil.
2896 4094 2957 4149 II

754 4187 805 4254 2,
842 4187 873 4246 7
879 4188 910 4240 2
948 4205 1079 4256 quae
1114 4189 1192 4241 laio
1226 4193 1345 4242 sunt
1378 4189 1506 4253 visa,
1542 4193 1599 4241 ut
1632 4189 1745 4241 visa
1782 4205 1844 4241 ne
1879 4188 1996 4252 sint,
2032 4189 2186 4254 sacta
2225 4190 2282 4238 ut
2310 4187 2470 4254 facta
2507 4202 2569 4238 ne
2604 4185 2755 4246 sicu&
2791 4182 2956 4237 Poen.

750 4271 780 4326 I
831 4274 880 4336 2,
931 4275 1037 4328 180
1083 4275 1280 4329 obsecro
1326 4275 1489 4327 hercle
1533 4279 1582 4328 te
1618 4305 1688 4314 —
1723 4279 1782 4329 ut
1827 4278 1882 4327 tu
1929 4273 2042 4326 huic
2088 4273 2228 4325 irata
2277 4289 2339 4324 ne
2385 4271 2481 4333 stis,-
2523 4269 2663 4339 (Cae.
2700 4269 2759 4323 ΙΙ
2797 4273 2848 4335 8,
2888 4271 2952 4324 77

750 4359 995 4430 Quoique
1029 4360 1083 4415 id
1122 4366 1413 4432 paratumst
1446 4367 1507 4416 ut
1543 4366 1786 4433 paratum
1823 4377 1888 4414 ne
1925 4359 2100 4427 siet).''

825 4447 879 4515 1)
916 4447 1045 4502 Vidi
1078 4447 1179 4501 iam
1220 4447 1591 4502 Sur-*nawa
1626 4447 1764 4502 idem
1805 4445 2104 4501 coniecisse.
