3450 5350
1813 597 1940 665 128

857 772 1007 839 Non
1067 773 1273 851 igitur
1330 791 1486 839 cum
1547 774 1820 853 Lnomo,
1854 779 1969 860 qui
2008 778 2173 844 item
2218 781 2421 860 atque
2466 777 2794 857 anpnnn
2844 776 2966 843 Us-

771 910 943 974 smo,
1016 893 1240 959 Gomz
1308 911 1584 961 versum
1662 896 1861 979 delet,
1933 898 2371 963 statuendum
2428 900 2574 963 est:
2653 894 2984 983 „tabellas

774 1014 1157 1079 ostendenti
1222 1013 1418 1080 aliter
1488 1017 2020 1097 respondendum
2088 1018 2299 1083 erat.”
2362 1018 2617 1083 Verum
2661 1018 2968 1082 Luomtm

767 1152 1027 1217 quoque
1088 1133 1303 1200 deleto
1367 1152 1568 1201 versu
1628 1138 2044 1205 disertiorem
2106 1140 2514 1205 desiderasse
2575 1138 2970 1203 tabellarum

772 1254 1327 1337 significationem
1390 1262 1668 1339 apparet
1714 1278 1800 1325 ex
1845 1260 1990 1326 eius
2034 1262 2473 1327 annotatione
2516 1262 2599 1326 ad
2646 1278 2750 1326 vs.
2802 1260 2969 1326 549:

778 1377 927 1454 „hic
988 1379 1368 1445 accuratius
1415 1380 1494 1445 de
1540 1380 1805 1447 tabellis
1849 1385 1920 1447 et
1963 1383 2163 1449 anulo
2211 1382 2435 1447 referri
2479 1381 2843 1463 oportebat,
2893 1382 2974 1446 ut

777 1500 1027 1567 rectius
1090 1500 1257 1583 (scil.
1323 1519 1526 1583 quam
1590 1502 1841 1587 Gonrz)
1899 1504 1980 1569 de
2041 1504 2280 1569 lacuna
2335 1502 2686 1569 Muellerus
2732 1505 2803 1568 et
2850 1501 2972 1567 Us-

778 1622 1035 1702 siugius
1080 1622 1543 1703 cogitaverint,
1591 1642 1762 1706 quae
1809 1625 1905 1690 sic
1941 1624 2079 1692 fere
2119 1616 2380 1707 expleri‘
2405 1624 2620 1707 possit
2642 1624 2750 1703 (cf.
2780 1622 2971 1706 545):

777 1745 988 1811 ‘'Pher.
1035 1746 1192 1827 quoi
1238 1745 1535 1811 dedisti?
1579 1746 1653 1811 L.
1701 1746 1817 1829 qui
1864 1746 2140 1813 tabellas
2187 1747 2572 1828 obsignatas
2611 1746 2840 1811 attulit
2879 1742 2893 1829 Ι
2932 1760 2975 1809 a

776 1871 884 1933 te:
955 1867 1127 1948 quod
1197 1866 1535 1934 mandasti
1594 1866 1777 1946 feci';
1846 1868 1954 1934 hic
2013 1886 2272 1950 quoque
2330 1869 2513 1935 locus
2582 1867 2977 1932 decurtatus

783 2006 930 2056 esse
978 1988 1307 2054 videtur”.
1364 2043 1371 2055 .

874 2110 1041 2177 Illud
1087 2130 1204 2176 nec
1242 2128 1481 2177 versus
1523 2111 1649 2178 547
1691 2112 1971 2178 minime
2005 2129 2211 2177 sensu
2252 2114 2456 2177 caret.
2499 2111 2979 2176 Adnectuntur

784 2234 911 2299 hac
969 2232 1438 2299 coniunctione
1498 2233 1702 2299 verba
1764 2232 2118 2315 sequentia
2179 2232 2746 2315 praecedentibus,
2819 2233 2986 2296 tam·

784 2372 988 2436 quam
1050 2354 1109 2419 si
1171 2353 1462 2418 dicatur:
1535 2354 1862 2437 „loqueris
1921 2358 1999 2420 tu
2061 2354 2142 2420 de
2201 2328 2438 2420 liberto
2501 2371 2651 2420 meo
2711 2370 2926 2435 nequ
2947 2370 2985 2416 e

789 2476 956 2542 mihi
994 2476 1282 2541 libertus
1327 2475 1502 2541 ullus
1547 2476 1718 2541 est”.
1767 2476 1864 2542 Cf.
1912 2476 2103 2557 Capt.
2153 2476 2284 2542 783
2329 2494 2462 2559 sq.:

961 2629 1069 2694 Ad
1114 2626 1302 2695 illum
1348 2628 1621 2694 modum
1670 2628 2000 2694 sublitum
2043 2645 2120 2695 os
2167 2645 2316 2696 esse
2364 2628 2457 2694 mi
2504 2627 2731 2694 hodie!

960 2750 1021 2815 N
1038 2768 1134 2833 eq
1150 2768 1196 2815 u
1212 2767 1249 2815 e
1301 2750 1367 2815 id
1415 2750 1785 2832 perspicere
1831 2750 2037 2832 quivi.

787 2905 831 2969 i.
879 2921 936 2970 e.
985 2905 1061 2968 at
1103 2902 1361 2968 factum
1406 2905 1516 2968 est
1560 2918 1776 2984 neque
1822 2902 1889 2967 id
1934 2903 2306 2984 perspicere
2349 2902 2560 2985 quivi.

791 3027 862 3091 et
906 3024 1142 3090 Pseud.
1192 3022 1320 3088 937
1372 3040 1507 3104 sq.:

972 3162 1147 3228 Nam
1215 3162 1273 3228 si
1340 3164 1675 3245 exoptem,
1746 3166 2080 3243 quantum
2147 3161 2410 3242 dignu’s
2469 3165 2747 3227 tantum
2807 3161 2989 3245 dent,

2238 3283 2486 3361 [minus
2533 3281 2737 3348 nihilo
2787 3282 2897 3347 sit.

972 3404 1261 3486 Neque
1314 3420 1434 3483 ego
1478 3404 1603 3468 hoc
1649 3405 1914 3470 homine
1957 3422 2363 3488 quemquam
2411 3403 2549 3469 vidi
2595 3403 2812 3482 magis
2855 3419 2990 3468 ma·

2175 3526 2340 3604 [lum
2385 3528 2457 3591 et
2504 3524 2897 3590 maleficum.
2977 3567 2982 3572 ·

788 3663 831 3728 i.
880 3681 938 3730 e.
1001 3667 1078 3728 tu
1140 3662 1575 3744 dignissimus
1637 3680 1731 3744 eS,
1797 3663 1904 3729 cui
1967 3664 2182 3729 multa
2244 3664 2415 3729 bona
2459 3664 2721 3746 dentur,
2772 3678 2987 3744 neque

790 3801 910 3865 ego
957 3801 1015 3849 e.
1062 3802 1124 3867 q.
1173 3801 1227 3848 s.

881 3906 1138 3971 Acerbe
1184 3905 1711 3987 mordaciterque
1760 3907 2078 3988 rependet
2123 3906 2337 3991 Lyco:

2237 4043 2431 4108 Facis
2479 4041 2852 4124 sapientius

972 4162 1186 4244 Quam
1264 4180 1419 4245 pars
1493 4162 1832 4245 lenonum,
1902 4164 2172 4230 libertos
2240 4165 2356 4246 qui
2423 4165 2675 4230 habent
2741 4167 2813 4228 et
2881 4157 3050 4228 eos‘

2535 4287 2898 4364 [deserunt.

797 4421 897 4485 'I'u
943 4421 1126 4488 enim
1171 4436 1377 4500 negas
1423 4420 1694 4486 omnino
1743 4423 1864 4486 tibi
1916 4421 2232 4488 libertum
2277 4439 2448 4489 esse.
