3450 5350
1543 622 1629 685 83

485 801 631 867 eine
676 801 745 866 in
790 802 961 867 Rom
1010 802 1221 867 selbst
1267 802 1435 868 noch
1482 802 1806 879 fehlende‚
1854 803 2012 868 aber
2055 802 2568 884 beispielsweise
2614 802 2683 867 in

484 920 614 986 den
675 923 1192 1003 campanischen
1252 922 1538 989 Stadten
1599 941 1684 988 zu
1740 924 2048 990 findendo
2093 924 2533 1005 Einrichtung
2578 925 2683 989 be·

487 1042 747 1126 zog.?”),
808 1044 973 1110 haec
1032 1044 1253 1127 opinio
1314 1046 1457 1109 veri
1513 1045 1803 1125 speciem
1849 1045 1977 1110 sibi
2025 1044 2357 1111 vindicare
2401 1063 2533 1111 non
2580 1063 2683 1127 po·

350 1237 357 1242 ,
488 1168 647 1241 test,
707 1166 1002 1246 primum
1062 1169 1332 1247 propter
1393 1166 1681 1231 similem
1745 1183 1986 1231 versus
2031 1166 2444 1232 Curculionis
2491 1168 2680 1232 ratio·

487 1302 661 1367 nem,
726 1285 961 1351 deinde
1021 1284 1194 1365 quod
1256 1302 1494 1351 versus
1556 1285 1652 1351 sic
1700 1286 1996 1352 multum
2042 1285 2282 1367 leporis
2329 1288 2435 1351 sui
2479 1287 2683 1367 perdi-

487 1411 687 1474 turus
746 1411 961 1489 esset;
1028 1425 1242 1489 neque
1306 1409 1487 1475 enim
1546 1408 1842 1489 plerique
1897 1410 2308 1490 spectatores
2351 1408 2450 1473 ita
2495 1406 2683 1473 facile

488 1530 569 1594 de
634 1530 765 1595 alia
832 1530 939 1595 hic
1008 1530 1434 1609 cogitandum
1505 1529 1665 1595 urbe
1735 1534 1930 1595 erant
1999 1528 2399 1595 intellecturi
2470 1546 2684 1610 neque

488 1655 851 1731 antequam
890 1652 1140 1717 Romae
1179 1654 1371 1716 erant
1410 1652 1545 1715 iam
1585 1651 1716 1717 alia
1752 1650 1990 1732 oppida
2032 1649 2336 1715 basilicas
2375 1650 2686 1715 habuisse

488 1770 755 1837 aliunde
800 1772 1118 1837 innotuit.

582 1892 765 1973 Quod
829 1898 996 1959 sunt
1055 1894 1170 1975 qui
1228 1897 1475 1974 putent
1536 1910 1621 1959 ex
1674 1894 1994 1973 singulari
2041 1911 2318 1960 numero
2371 1894 2534 1980 „sub
2582 1893 2690 1959 ba·

491 2013 717 2080 silica’'
762 2031 1080 2097 apparere
1126 2018 1291 2080 tunc
1336 2033 1545 2081 unam
1593 2019 1866 2081 tantum
1913 2016 2120 2082 fuisse
2167 2015 2531 2090 basilicam,
2565 2014 2688 2080 hoc

492 2138 657 2201 mihi
698 2154 828 2202 non
883 2137 981 2201 ita
1028 2140 1287 2202 certum
1326 2137 1623 2218 videtur;
1666 2155 1827 2203 nam
1859 2138 2419 2219 quemadmodum
2465 2136 2686 2201 collec-

490 2258 633 2323 tive
672 2258 797 2323 dici
836 2262 1060 2339 potest
1098 2277 1154 2325 e.
1181 2276 1242 2339 g.
1277 2262 1383 2346 „in
1432 2259 1917 2341 thermipolio”‚
1941 2262 2036 2325 616
2080 2261 2288 2325 etiam
2333 2260 2460 2328 dici
2490 2276 2688 2341 posse

490 2379 804 2445 existimo
873 2381 1035 2466 „sub
1097 2381 1409 2446 basilica’'
1463 2382 1670 2447 etiam
1715 2384 1889 2457 tum,
1914 2399 2068 2447 cum
2093 2381 2230 2447 iam
2253 2382 2475 2463 plures
2499 2385 2684 2447 sunt.

582 2502 931 2583 Nusquam
989 2502 1145 2570 alibi
1206 2504 1616 2598 mentionem
1677 2504 1820 2569 fieri
1884 2504 1964 2569 de
2024 2504 2296 2569 basilica
2347 2503 2681 2585 Plautina,

490 2641 623 2689 non
658 2626 785 2708 est,
825 2642 942 2691 cur
980 2625 1321 2692 miremur.
1362 2626 1731 2708 Postquam
1770 2626 1934 2693 Cato
1957 2625 2296 2692 basilicam
2319 2626 2679 2707 exstruxit,

491 2761 659 2827 quae
722 2745 860 2812 sola
923 2764 1038 2827 per
1078 2763 1171 2830 ⁴se
1232 2747 1460 2812 stabat
1518 2763 1734 2829 neque
1793 2751 1939 2813 erat
2001 2748 2315 2813 adiuncta
2360 2746 2680 2827 taberniS,

490 2867 795 2934 basilicae
855 2885 1095 2934 nomen
1157 2871 1227 2934 in
1288 2869 1447 2935 illud
1501 2871 1774 2935 transiit
1814 2870 2270 2936 aedificiorum
2308 2886 2540 2948 genus.
2589 2867 2686 2932 De

490 3006 620 3070 qua
684 3007 755 3055 re
816 2993 996 3056 recte
1050 2989 1353 3070 disputat
1412 2989 1708 3056 6111311111
1739 2987 1823 3070 1):
1885 3008 2048 3077 „aus
2092 2991 2208 3056 der
2253 2991 2444 3055 mehr
2486 3006 2684 3071 popu-

491 3112 671 3177 laren
737 3111 873 3176 und
932 3110 1279 3192 zufalligen
1340 3112 1808 3192 Bezeichnung
1868 3111 1982 3176 der
2042 3110 2512 3192 Hallenanlage
2573 3111 2688 3176 der

490 3231 548 3297 N
554 3223 994 3297 ordtabernen
1056 3232 1339 3298 Basilica
1398 3233 1751 3314 (porticus)
1811 3233 1933 3297 hat
1991 3232 2132 3298 sich
2186 3233 2437 3297 sodann
2485 3231 2686 3296 Wort

491 3353 628 3419 und
677 3354 929 3434 Begriff
969 3354 1085 3420 der
1127 3354 1453 3420 letzteren
1499 3354 1732 3434 gelost„
1780 3353 1881 3419 als
1927 3353 2013 3418 M.
2052 3353 2326 3419 Porcius
2365 3352 2529 3418 Cato
2567 3352 2687 3418 das

490 3482 669 3544 erste
716 3478 1164 3559 selbstandige
1209 3476 1522 3543 Gebaude
1568 3477 1944 3559 errichtete,
1988 3476 2269 3542 welches
2305 3475 2683 3540 demselben

493 3599 775 3664 Zwecke
815 3598 1057 3680 diente,
1106 3599 1260 3664 dem
1290 3597 1443 3679 jene
1489 3597 1728 3663 Hallen
1765 3597 1838 3662 in
1879 3597 2069 3663 mehr
2107 3595 2685 3662 nebensachlicher

492 3720 721 3786 Weise
766 3718 1034 3799 gedient
1077 3717 1383 3785 hatten”.

578 3839 934 3907 Basilicam
976 3844 1206 3907 autem
1252 3840 1501 3906 aetatis
1546 3840 1898 3906 Plautinae
1943 3840 2275 3923 porticum
2300 3857 2454 3905 cum
2479 3837 2690 3904 Novis

488 3960 888 4041 argentariis
947 3961 1375 4027 coniunctam
1436 3961 1719 4040 intelligi
1783 3962 1991 4027 etiam
2045 3960 2244 4027 aliam
2290 3960 2371 4026 ob
2416 3974 2690 4024 causam

491 4081 851 4148 verisimile
896 4085 1037 4162 est;
1086 4099 1246 4148 nam

672 4202 925 4268 Ibidem
969 4207 1173 4269 erunt
1198 4207 1417 4269 scorta
1464 4203 1730 4270 exoleta
1774 4203 2018 4284 quique
2065 4202 2371 4282 stipulari
2409 4202 2647 4266 solent.

567 4459 627 4528 1)
666 4457 705 4512 1.
743 4457 779 4512 1.
814 4474 866 4529 p.
903 4457 1024 4512 211.
