3450 5350
1514 608 1633 670 101

482 784 658 849 rium
720 788 827 850 est
887 784 1041 849 hinc
1100 785 1359 851 efficere
1422 785 1637 851 forum
1698 786 2132 867 piscatorium
2189 788 2413 855 addito
2457 791 2676 857 aedifi-·

480 906 732 971 ciorum
778 907 1196 987 privatorum
1239 908 1375 973 loco
1423 908 1490 973 in
1541 907 1891 972 macellum
1939 910 2364 975 excrevisse?

570 1027 788 1093 Redeo
831 1028 914 1092 ad
961 1027 1441 1094 Curculionem.
1492 1028 1737 1093 Restat
1783 1032 1864 1093 ut
1909 1046 2118 1109 pauca
2157 1029 2369 1097 dicam
2410 1033 2489 1099 de
2527 1035 2674 1101 tota

482 1164 757 1218 scaenae
796 1149 1031 1214 indole.
1072 1150 1169 1214 De
1209 1168 1339 1231 qua
1380 1151 1510 1216 viri
1549 1150 1728 1239 docti
1765 1150 2123 1216 admodum
2149 1154 2330 1218 varie
2353 1155 2672 1222 iudicant.

483 1270 787 1337 URmcHs
832 1288 983 1336 eam
1024 1275 1219 1337 vocat
1250 1273 1394 1358 „die
1432 1272 1673 1338 schone
1713 1272 2146 1353 Schilderung
2184 1276 2302 1340 des
2325 1276 2674 1359 Forums'';
2801 1361 2806 1365 Ι

480 1390 713 1457 eadem
771 1392 810 1457 J
814 1408 1080 1458 ORDANo
1140 1393 1404 1459 videtur
1474 1393 1725 1479 „selbst
1772 1394 1887 1459 der
1933 1395 2326 1460 schwachen
2375 1396 2674 1465 Stunden

482 1512 597 1577 des
648 1512 977 1595 DichterS,
1026 1514 1241 1579 denen
1289 1514 1401 1579 der
1448 1530 1655 1593 ganze
1702 1514 2006 1581 Curculio
2054 1516 2197 1581 sein
2244 1517 2486 1584 Dasein
2538 1537 2677 1586 ver-

484 1633 714 1715 dankt,
780 1635 989 1700 kaurn
1049 1636 1217 1701 noch
1280 1636 1605 1717 wurdig.”
1670 1636 2028 1717 Comparat
2089 1655 2240 1704 eam
2284 1655 2438 1705 cum
2488 1640 2677 1722 capt.

484 1755 583 1821 IV
632 1757 692 1833 2,
756 1760 827 1821 et
870 1757 1161 1837 profecto
1207 1756 1321 1821 illa
1364 1757 1773 1838 comparatio
1820 1773 2218 1839 magnopere
2266 1759 2681 1829 Curculionis

484 1894 768 1943 scaenae
826 1881 1041 1943 nocet.
1104 1879 1224 1954 At,
1286 1878 1428 1959 ipse
1489 1877 1648 1943 illud
1710 1880 2013 1945 concedit
2065 1880 2171 1945 vir
2215 1882 2471 1964 doctus,
2523 1883 2679 1949 Cur-

483 1998 653 2065 culio
715 2017 849 2065 una
903 2002 1008 2065 est
1054 2017 1091 2065 e
1136 2004 1369 2081 poetae
1414 2000 1893 2066 infirmioribus
1938 2001 2213 2084 fabulis3
2262 2005 2432 2085 quod
2479 2006 2536 2071 si
2583 2007 2681 2072 ita

484 2124 608 2203 est,
681 2121 929 2186 mirum
998 2138 1145 2187 esse
1212 2139 1344 2187 non
1411 2125 1638 2203 potest
1708 2139 2038 2203 scaenam,
2088 2124 2169 2189 de
2236 2143 2366 2206 qua
2429 2127 2670 2209 agitur,

484 2259 725 2323 parum
805 2242 1103 2309 evasisse
1169 2243 1475 2309 facetam.
1554 2243 2042 2310 Alliterationis
2111 2262 2267 2310 vere
2333 2246 2716 2314 Romanae

483 2363 747 2428 JORDAN
795 2381 1007 2429 unum
1055 2367 1328 2429 tantum
1374 2364 1768 2460 exemplum,
1802 2366 1871 2430 in
1919 2368 2066 2431 tota
2113 2384 2354 2433 scaena
2386 2369 2675 2435 inveniri

482 2488 716 2565 putat:
765 2486 925 2550 ditis
975 2486 1328 2551 damnosos
1342 2510 1366 2561 ;
1414 2503 1573 2552 nam
1622 2487 1740 2551 vix
1786 2488 1915 2551 huc
1962 2486 2174 2589 {acere
2221 2491 2318 2554 vel
2361 2492 2671 2557 vitiosum

482 2609 552 2671 et
612 2609 879 2671 vortant
934 2608 1049 2684 vel,
1088 2594 1533 2690 'nequaquam
1595 2610 1825 2673 autem
1885 2610 2210 2691 stipulari
2267 2611 2489 2676 solent.
2540 2610 2673 2677 Cur

484 2732 713 2794 autem
759 2746 891 2795 non
938 2729 1165 2795 laudat
1211 2731 1317 2794 vir
1362 2731 1599 2796 doctus
1640 2731 1932 2813 lepidum
1971 2732 2178 2814 lepide
2215 2749 2426 2814 neque
2463 2736 2673 2800 nimie

479 2869 667 2933 opere
712 2856 941 2916 sumat
984 2855 1301 2933 operam?
1347 2852 1582 2918 Nonne
1629 2869 1786 2918 vere
1831 2853 2222 2918 Plautinum
2272 2857 2380 2919 est
2423 2855 2519 2920 sic
2566 2854 2672 2920 vel

477 2972 756 3037 eandem
819 2976 1117 3053 repetere
1180 2987 1411 3040 vocem
1472 2974 1579 3040 vel
1632 2975 1934 3041 eiusdem
1981 2977 2209 3057 stirpis
2253 2993 2453 3043 voces
2496 2979 2672 3043 inter

476 3111 548 3160 se
617 3095 937 3174 iungere?
1020 3096 1343 3178 Equidem
1408 3096 1965 3163 alliterationibus
2033 3099 2240 3163 etiam
2306 3099 2669 3165 adnumero

473 3220 572 3283 vel
632 3219 943 3283 vitiosum
1000 3219 1097 3284 vel
1159 3222 1230 3283 et
1272 3220 1593 3301 stipulari
1636 3220 1841 3284 colent
1888 3220 1980 3302 (in
2028 3237 2334 3286 sermone
2381 3221 2670 3301 pedestri

474 3339 767 3406 breviter
826 3340 1156 3406 diceretur
1215 3343 1666 3424 stipulatores)
1726 3344 1798 3406 et
1861 3343 2377 3407 commonstrabo
2423 3361 2549 3424 quo
2594 3345 2669 3408 in

476 3479 796 3544 quemque
854 3465 925 3527 et
968 3465 1132 3528 sunt
1176 3463 1391 3528 subito
1438 3467 1509 3528 et
1555 3462 1842 3528 fortasse
1887 3463 2117 3528 eodem
2162 3467 2232 3528 et
2277 3465 2668 3544 confidentes

472 3583 870 3664 yarrulique
933 3586 1043 3648 est
1110 3582 1546 3648 referendum.
1616 3583 1820 3648 Porro
1890 3601 2020 3649 non
2092 3601 2132 3649 a
2200 3584 2421 3650 Plauti
2489 3601 2668 3650 more

474 3702 781 3768 abhorret
812 3702 904 3786 (id
942 3704 1115 3784 quod
1154 3708 1335 3769 certe
1372 3707 1602 3770 nostro
1640 3706 2002 3783 cognatum
2039 3710 2144 3770 est
2180 3704 2338 3782 loco)
2377 3704 2666 3786 aliquem

473 3823 809 3888 dicentem
866 3823 1225 3906 inducere,'
1262 3826 1419 3906 quid
1482 3826 1658 3891 inter
1717 3826 1882 3892 duos
1941 3830 2135 3892 actus
2195 3827 2500 3892 futurum
2553 3827 2664 3892 sit.

471 3940 547 4008 E.
596 3961 656 4024 g.
718 3944 789 4009 in
851 3945 982 4010 fine
1046 3945 1353 4012 Pseudoli
1408 3952 1605 4012 actus
1651 3948 1850 4029 primi
1893 3948 2287 4013 histrionem
2335 3948 2666 4014 dicentem

471 4065 698 4146 fingit:
770 4066 1058 4151 „tibicen
1119 4084 1244 4133 vos
1299 4069 1569 4134 interibi
1630 4068 1738 4134 hic
1794 4065 2288 4134 delectaverit.”
2353 4067 2450 4133 Cf.
2515 4069 2663 4134 Cas.

473 4187 599 4252 797
665 4203 800 4267 sq.:
871 4186 1057 4271 „Age
1128 4187 1397 4270 tibicen,
1463 4187 1625 4254 dum
1680 4188 1864 4254 illam
1910 4190 2202 4256 educunt
2245 4190 2376 4255 huc
2419 4207 2665 4256 novam

472 4311 756 4388 nuptam
817 4307 1014 4385 foras,
1070 4309 1283 4375 Suavi
1328 4313 1532 4374 cantu
1578 4310 1956 4376 concelebra
2002 4312 2172 4376 hanc
2215 4311 2505 4392 plateam
2550 4313 2664 4393 hy-

470 4427 805 4494 menaeo’'.
