3450 5350
1734 610 1862 675 168

1741 822 1855 888 VI.

792 943 1013 1011 Plaut.
1058 942 1238 1007 Trin.
1288 942 1419 1007 832
1442 960 1457 1005 :

1064 1064 1268 1131 Fidus
1314 1064 1536 1147 fuisti;
1585 1064 1864 1130 infidum
1910 1080 2059 1131 esse
2105 1064 2379 1129 iterant.

1062 1187 1190 1253 Pro
1235 1187 1482 1265 iterant
1524 1184 1646 1267 leg.
1691 1188 1767 1253 id
1811 1189 2071 1253 errant.

1719 1384 1870 1450 VII.

796 1568 943 1633 Liv.
977 1566 1238 1650 XXVI,
1282 1568 1402 1633 27:
1442 1566 1687 1633 Eodem
1726 1571 2026 1651 tempore
2063 1571 2324 1649 septem
2363 1568 2699 1650 tabernae,
2727 1580 2894 1647 quae

704 1694 936 1772 postea
995 1688 1309 1770 quinque,
1363 1691 1435 1753 et
1480 1689 1911 1771 argentariae,
1961 1706 2131 1770 quae
2179 1705 2359 1753 nunc
2406 1686 2636 1753 Novae
2683 1686 2896 1767 appel-

705 1809 952 1890 lantur,
1000 1825 1241 1875 arsere.
1291 1807 1784 1889 Comprehensa
1829 1812 2062 1891 postea
2105 1809 2371 1891 privata
2416 1796 2732 1874 aedificia.

796 1930 995 2013 Leg.:
1054 1930 1301 1996 Eodem
1348 1933 1645 2012 tempore
1691 1934 1951 2012 septem
1997 1931 2318 1997 tabernae
2351 1966 2414 1977 -
2449 1946 2620 2011 quae
2665 1930 2899 2009 postea

706 2054 996 2135 quinque
1059 2069 1261 2119 eran
1278 2054 1311 2117 t
1348 2089 1408 2099 —
1445 2053 1885 2131 argentariae,
1945 2068 2126 2134 quae·
2176 2069 2357 2117 nunc
2409 2051 2640 2117 Novae
2685 2048 2898 2131 appel-

706 2175 955 2252 lantur,
1015 2191 1257 2241 arsere.
1305 2174 1799 2256 Comprehensa
1845 2192 1942 2257 po
1960 2179 2042 2240 st
2087 2192 2229 2241 eas
2274 2174 2540 2257 privata
2584 2172 2895 2239 aedificia.

1714 2373 1897 2439 VIII.

799 2556 945 2623 Liv.
986 2553 1133 2633 XL,
1175 2555 1293 2621 51:
1336 2554 1450 2638 (M.
1490 2553 1772 2622 Fulvius
1809 2555 2081 2641 locavit)
2121 2556 2461 2624 basilicam
2500 2557 2655 2638 post
2676 2568 2900 2635 argen-

713 2681 921 2747 tarias
962 2678 1203 2745 ‘Novas
1246 2680 1319 2743 et
1362 2677 1581 2744 forum
1626 2679 2060 2760 piscatorium
2107 2678 2538 2746 circumdatis
2581 2677 2902 2744 tabernis.

800 2803 929 2869 Pro
973 2800 1407 2867 circumdatis
1450 2801 1573 2881 leg.
1621 2802 2205 2868 circumdandum.

804 3107 1041 3174 Catull.
1091 3107 1197 3191 88,
1252 3110 1288 3174 7
1337 3124 1471 3188 sq.:
1739 3000 1864 3066 IX·

806 3260 982 3326 Nam
1026 3259 1190 3325 nihil
1234 3261 1343 3326 est
1388 3259 1742 3340 quicquam
1789 3258 2068 3338 sceleris,
2118 3278 2248 3342 quo
2295 3260 2566 3341 prodeat
2611 3226 2808 3341 ultra,

902 3381 1052 3448 Non
1098 3382 1158 3448 si
1203 3380 1496 3448 demisso
1542 3398 1615 3446 se
1658 3381 1802 3462 ipse
1847 3386 2039 3449 voret
2084 3383 2322 3463 capite.

717 3536 843 3601 Pro
882 3536 1237 3617 quicquam
1274 3534 1627 3614 legendum
1665 3536 2023 3616 quisquam
2045 3538 2116 3602 et
2137 3534 2746 3617 interpungendum
2773 3534 2902 3598 sic:

807 3687 982 3754 Nam
1020 3686 1184 3752 nihil
1222 3689 1346 3770 est,
1380 3686 1735 3768 quisquam
1759 3687 2026 3754 sceleris
2049 3705 2180 3769 quo
2202 3688 2476 3769 prodeat
2497 3687 2694 3768 ultra,
2720 3703 2902 3767 e.q.s.

1765 3884 1856 3948 X.

809 4064 1163 4132 Sententia
1222 4065 1644 4131 annmANm
1704 4065 2125 4134 Scnnonnnm
2191 4066 2434 4152 (⁵Neue
2479 4068 2519 4134 J
2521 4066 2906 4134 ahrbiicher’

725 4186 891 4252 1891
966 4203 1030 4267 p.
1098 4185 1221 4253 137
1286 4186 1415 4271 sq.)
1475 4188 1813 4254 censentis
1874 4189 2189 4256 carminis
2251 4191 2379 4255 116
2443 4189 2608 4255 duos
2670 4203 2908 4254 versus

720 4307 971 4388 priores
1015 4307 1098 4372 ab
1146 4307 1626 4389 epigrammate
1671 4310 1920 4376 alienos
1959 4327 2107 4378 esse
2143 4313 2344 4392 atque
2384 4326 2654 4377 versum
2694 4307 2734 4370 3
2775 4323 2907 4372 car·

726 4427 927 4494 minis
972 4445 1121 4495 esse
1164 4429 1455 4513 initium,
1505 4446 1639 4495 non
1685 4433 1796 4496 est
1842 4432 2195 4513 probanda.
