3450 5350
1265 1393 1638 1478 CAPUT
1704 1396 1853 1478 IV.

512 1841 614 1908 De
655 1841 1096 1912 Curculionis
1141 1847 1300 1914 actu
1346 1844 1649 1913 secundo
1697 1845 2159 1912 continuatur
2202 1843 2612 1928 disputatio.

553 2028 767 2094 Venio
826 2029 964 2094 iam
1018 2029 1102 2096 ad
1149 2031 1579 2112 explicandos
1625 2046 1866 2095 versus
1916 2029 2291 2095 240—243.
2344 2029 2662 2095 Omnium

461 2149 759 2230 primum
824 2152 1047 2227 miror,
1118 2170 1247 2233 quo
1314 2156 1710 2232 argumento
1783 2152 2005 2217 Gomz
2068 2151 2197 2216 sibi
2256 2151 2664 2232 persuaserit

463 2270 850 2338 Palinurum
905 2272 1126 2339 lenoni
1172 2277 1516 2340 auctorem
1560 2291 1732 2350 esse,
1780 2277 1860 2338 ut
1907 2291 2021 2354 per
2066 2289 2311 2353 paucos
2357 2273 2497 2338 dies
2543 2271 2662 2337 sal-

467 2393 795 2460 samentis
863 2393 1335 2461 abstineat.
1403 2395 1538 2461 Vix
1601 2395 1865 2460 credere
1924 2410 2201 2476 possum
2262 2411 2420 2460 eum
2480 2393 2662 2459 illam

464 2513 1015 2592 significationem
1078 2516 1299 2582 inesse
1359 2517 1427 2581 in
1490 2517 1691 2581 verbo
1738 2515 2136 2597 perdurandi
2180 2519 2451 2597 putare:
2501 2531 2661 2579 nam

455 2635 764 2717 perdura
823 2637 986 2703 nihil
1045 2636 1222 2704 aliud
1285 2642 1390 2705 est
1436 2656 1641 2721 quam
1687 2638 2016 2704 Graecum
2068 2637 2363 2718 καρτέρει.
2411 2637 2661 2705 Servus
2727 2625 2732 2628 ’

462 2756 681 2822 lenoni
720 2764 868 2838 post
892 2758 1034 2823 eius
1064 2760 1507 2840 querimonias
1533 2760 1772 2825 suadet
1797 2776 1879 2825 ne
1904 2762 2211 2826 animum
2236 2760 2657 2843 despondeat.

461 2878 693 2959 Neque
738 2879 1010 2946 omnino
1057 2898 1212 2946 cum
1259 2881 1548 2947 Gomzm
1594 2882 1810 2948 facere
1857 2900 2135 2963 possum
2181 2883 2250 2947 in
2297 2882 2660 2948 statuenda

458 2998 717 3065 lacuna.
761 2999 889 3066 Sed
928 3018 1029 3067 vs.
1075 3002 1203 3066 242
1245 3006 1634 3085 corruptum
1673 3020 1823 3069 esse
1858 3003 2213 3084 existim03
2253 3003 2502 3083 corrigo
2524 3003 2655 3069 sic:

465 3121 802 3205 „nondum
851 3122 995 3206 (hoc
1033 3140 1183 3188 cum
1224 3124 1624 3209 Luchsio)
1654 3123 1701 3210 ¹)
1741 3124 2038 3191 salsurae
2075 3130 2183 3191 sat
2224 3127 2394 3192 bona
2428 3126 2658 3207 sunt,”

457 3242 500 3306 i.
541 3259 598 3307 e.
670 3244 970 3309 nondum
1039 3244 1208 3309 satis
1276 3249 1440 3310 sunt
1510 3246 1780 3327 putida;
1850 3246 2057 3312 etiam
2120 3246 2450 3328 putidiora
2508 3264 2659 3313 esse

456 3362 724 3439 debent,
764 3368 844 3428 ut
883 3364 1131 3430 bonum
1169 3380 1405 3445 garum
1444 3382 1530 3430 ex
1567 3365 1652 3432 iis
1689 3368 2059 3449 comparari
2095 3368 2329 3449 possit.
2370 3368 2465 3432 De
2500 3384 2658 3448 garo

453 3500 538 3548 ex
586 3484 838 3565 putidis
883 3486 1170 3566 piscium
1217 3486 1565 3552 intestinis
1610 3488 1786 3554 facto
1824 3488 1905 3553 cf.
1948 3487 2115 3553 Plin.
2158 3488 2243 3553 H.
2287 3489 2369 3555 N.
2409 3490 2657 3554 XXXI

455 3608 492 3682 5
539 3605 658 3669 93:
735 3607 948 3691 „aliud
1018 3607 1410 3675 etiamnunc
1477 3609 1753 3690 liquoris
1822 3610 2144 3691 exquisiti
2209 3625 2422 3689 genus
2483 3610 2656 3692 quod

453 3742 688 3804 garum
750 3743 1091 3803 vocavere,
1155 3727 1502 3793 intestinis
1559 3730 1845 3810 piscium
1892 3732 2263 3813 ceterisque
2310 3748 2477 3813 quae
2524 3733 2657 3797 abi-

448 3846 681 3913 cienda
741 3852 972 3914 essent
1033 3849 1170 3915 sale
1231 3850 1606 3931 maceratis
1674 3854 1755 3916 ut
1818 3851 1910 3916 sit
1966 3850 2077 3917 illa
2122 3854 2655 3933 putrescentium

447 3967 738 4033 sanies.’'
792 3968 901 4055 „si
941 3970 1004 4034 id
1049 3970 1327 4037 feceris”
1376 3973 1592 4052 pergit
1637 3972 1995 4038 Palinurus
2046 3973 2317 4058 „venire
2361 3976 2652 4056 poteris'’

448 4090 604 4170 quid
621 4091 656 4155 ‘2
721 4090 1025 4156 Carene?
1089 4092 1233 4158 Hoc
1302 4092 1620 4159 nimirum
1683 4098 2137 4179 exspectatur,
2210 4096 2453 4178 quippe
2498 4113 2654 4162 cum

444 4209 700 4277 lenonis
770 4213 1038 4278 animus
1108 4216 1298 4279 totus
1369 4214 1461 4280 sit
1529 4215 1600 4280 in
1668 4232 1820 4282 care
1892 4216 2220 4284 vendendi
2288 4222 2469 4301 arte;
2535 4220 2651 4285 sed

510 4437 567 4507 1)
604 4434 828 4493 Hermos
866 4435 1007 4493 vlu
1045 4455 1094 4511 p.
1133 4438 1253 4494 117.
