3450 5350
1747 546 1873 611 152

826 787 832 794 .
892 730 1031 794 TH.
1096 702 1275 811 Quid
1316 730 1541 796 dotis?
1591 730 1660 796 C.
1708 732 1983 811 Egone?
2028 733 2110 796 ut
2155 746 2436 812 semper,
2486 730 2648 795 dum
2698 730 2904 812 vivat,

2476 852 2614 933 [me
2659 850 2817 916 alat.

710 969 843 1035 665
889 972 1145 1038 Verum
1189 973 1405 1039 hercle
1452 974 1613 1039 dico.
1664 974 1806 1039 ΤΗ.
1857 974 1960 1039 Me
2004 974 2280 1038 lubente
2325 971 2578 1039 feceris

883 1092 1015 1159 Sed
1059 1095 1209 1160 leno
1253 1095 1361 1159 hic
1406 1096 1602 1161 debet
1649 1095 1843 1161 nobis
1888 1095 2168 1174 triginta
2216 1094 2457 1160 minas

889 1216 1030 1281 PH.
1096 1216 1311 1297 Quam
1370 1218 1453 1283 ob
1513 1234 1655 1283 rem
1715 1216 1946 1282 istuc?
1997 1214 2140 1282 ΤΗ.
2192 1216 2358 1298 Quia
2402 1215 2510 1281 ille
2555 1217 2654 1281 ita
2698 1232 2910 1297 repro·

2353 1338 2572 1423 [misit
2619 1338 2819 1404 mihi:

889 1460 959 1525 Si
1005 1459 1360 1541 quisquam
1408 1462 1580 1527 hanc
1623 1460 1876 1527 liberali
1920 1461 2323 1527 asseruisset
2369 1478 2598 1537 manu,

890 1581 1047 1648 Sine
1093 1583 1549 1650 controversia
1596 1600 1796 1649 omne
1840 1586 2195 1663 argentum
2247 1582 2531 1648 reddere.

711 1705 841 1772 670
890 1704 1083 1770 Nunc
1112 1721 1347 1771 eamus
1370 1706 1451 1771 ad
1475 1705 1803 1772 lenonem.
1830 1705 1900 1771 O.
1927 1704 2176 1772 Laudo.
2201 1705 2342 1771 PH.
2371 1706 2512 1770 Hoc
2535 1704 2719 1786 prius
2742 1703 2914 1780 volo,

893 1825 1111 1891 Meam
1174 1841 1318 1890 rem
1364 1841 1579 1906 agere.
1643 1825 1786 1891 ΤΗ.
1828 1825 1997 1907 Quid
2061 1826 2127 1890 id
2189 1826 2349 1892 est?
2409 1824 2548 1889 PH.
2591 1825 2690 1890 Ut
2748 1824 2914 1889 mihi

2148 1944 2349 2032 [hanc
2393 1945 2819 2028 despondeas.

890 2070 959 2135 O.
1010 2070 1175 2151 Quid
1224 2087 1469 2145 cessas,
1516 2070 1726 2153 miles,
1779 2070 1953 2135 hanc
1997 2070 2152 2135 huic
2197 2086 2478 2134 uxorem
2523 2069 2729 2135 dare?

891 2190 1032 2256 TH.
1073 2190 1145 2255 Si
1189 2192 1353 2257 haec
1401 2191 1559 2257 volt.
1611 2190 1739 2255 PL.
1789 2192 1880 2257 Mi
1916 2191 2142 2273 frater,
2167 2190 2380 2274 cupio.
2430 2191 2570 2255 ΤΗ.
2619 2190 2791 2255 Fiat.
2840 2189 2911 2255 O.

2376 2312 2591 2396 [Bene
2637 2312 2818 2377 facis.

891 2434 1031 2499 PH.
1072 2434 1473 2517 Spondesne,
1516 2432 1723 2517 miles,
1754 2434 1849 2499 mi
1872 2435 2044 2499 hanc
2067 2435 2398 2499 uxorem?
2423 2434 2566 2498 ΤΗ.
2591 2432 2912 2514 Spondeo.

713 2557 845 2623 675
892 2558 963 2623 C.
1014 2558 1101 2623 Et
1148 2574 1266 2637 ego
1312 2558 1491 2622 idem
1539 2575 1676 2623 una
1721 2558 2032 2640 spondeo.
2083 2558 2224 2623 ΤΗ.
2271 2558 2516 2639 Lepide
2563 2556 2747 2622 facis.
2872 2634 2877 2639 ι

884 2678 1011 2744 Sed
1058 2695 1290 2744 eccum
1334 2676 1667 2753 lenonem,
1715 2678 1983 2754 incedit,
2031 2679 2476 2744 thensaurum
2523 2695 2772 2744 meum.

803 2801 922 2866 Vs.
964 2801 1089 2866 661
1136 2818 1233 2881 sq.
1276 2800 1511 2866 verba:
1558 2801 2078 2887 „promittimus
2123 2804 2272 2867 tace
2310 2799 2433 2868 tu”
2473 2801 2542 2865 in
2583 2800 2916 2866 codicibus

712 2924 961 2989 dantur
1003 2921 1223 2988 militi.
1276 2923 1522 2988 Totum
1567 2924 1803 2988 autem
1841 2939 2114 2988 versum
2151 2923 2279 2988 661
2324 2925 2504 2988 recte
2541 2922 2916 2988 AcmALms

712 3045 950 3110 tribuit
1022 3044 1399 3110 Curculioni
1415 3064 1431 3124 ;
1493 3045 1667 3125 quod
1731 3061 1887 3111 vero
1947 3062 2064 3126 pro
2122 3047 2576 3128 promittimus
2634 3043 2915 3110 coniecit

703 3167 1157 3248 promittitin?
1195 3165 1471 3247 probare
1510 3182 1782 3248 nequeo.
1827 3167 2088 3232 Comice
2127 3166 2288 3232 dicit
2325 3167 2696 3249 parasitus:
2737 3183 2916 3248 „pro-

713 3286 1121 3362 mittimuS‚'’
1185 3287 1378 3368 quasi
1440 3287 1566 3352 sibi
1628 3303 1838 3368 aeque
1897 3305 1976 3352 ac
2031 3288 2440 3353 Phaedromo
2485 3287 2919 3383 promittendi

713 3410 823 3475 ius
870 3409 981 3474 sit.
1030 3409 1253 3475 Etiam
1299 3410 1443 3475 fieri
1488 3412 1733 3490 potest,
1776 3413 1856 3474 ut
1893 3410 2254 3491 parasitUS,
2293 3411 2424 3476 etsi
2467 3413 2744 3476 vocatus
2785 3425 2920 3474 non

716 3533 828 3613 sit,
892 3532 1093 3597 verbo
1145 3531 1631 3613 promittimuS,
1693 3532 1938 3612 quippe
1998 3531 2172 3613 quod
2233 3531 2628 3598 adhibeatur
2689 3532 2774 3596 ab
2820 3547 2918 3607 ee,

714 3654 829 3734 qui
868 3656 1148 3718 vocatus
1186 3653 1269 3718 ad
1308 3669 1543 3718 cenam
1582 3669 1655 3718 se
1697 3655 2063 3718 venturum
2101 3670 2249 3719 esse
2281 3653 2642 3736 pollicetur,
2670 3653 2920 3719 comice

714 3775 1043 3856 significet
1084 3791 1156 3840 se
1192 3773 1275 3838 ad
1321 3789 1519 3839 cenas
1565 3773 1938 3839 affuturum
1987 3791 2158 3840 esse.
2209 3775 2381 3839 Tum
2428 3774 2917 3840 Phaedromus:

718 3900 907 3982 „tace
954 3895 1099 3973 tli‚''
1137 3896 1179 3960 i.
1204 3913 1262 3962 e.
1306 3895 1459 3961 ‘noli
1499 3895 1909 3976 promittere,
1951 3897 2272 3977 quamdiu
2313 3897 2394 3962 de
2436 3897 2694 3978 nuptiis
2732 3897 2920 3962 nihil-

712 4016 877 4081 dum
939 4019 1047 4082 est
1105 3993 1491 4082 statutum.’
1556 4016 1814 4081 Verba:
1888 4019 2075 4102 „tace
2132 4016 2254 4082 tu”
2306 4035 2438 4082 non
2486 4034 2637 4083 esse
2684 4018 2918 4083 'Phera-

714 4136 1079 4219 pontigoni‚
1128 4137 1233 4202 cui
1281 4153 1360 4202 ea
1404 4139 1704 4216 assignat
1742 4137 1896 4220 LEo,
1940 4141 2130 4219 patet
2168 4142 2239 4205 et
2275 4156 2362 4204 ex
2401 4139 2505 4216 iis,
2547 4155 2716 4221 quae
2755 4139 2918 4214 dixi,

716 4262 787 4323 et
823 4276 909 4324 ex
948 4275 1263 4340 responso
1302 4257 1750 4339 Curculionis;
1792 4259 1906 4340 qui
1929 4259 2244 4340 quoniam
2270 4261 2526 4326 verbis:
2559 4263 2674 4346 „tu
2697 4234 2918 4326 istanc

716 4379 1047 4460 desponde
1106 4379 1280 4455 huic,
1344 4377 1579 4444 miles'’
1642 4377 1726 4444 ad
1791 4378 2075 4446 militem
2143 4398 2216 4447 se
2284 4381 2662 4483 convertit,
2713 4382 2916 4448 verba
