3450 5350
1812 580 1937 645 122

958 780 1142 827 mmo
1202 761 1310 827 rei
1359 761 1623 827 divinae
1682 779 1954 845 operam
2013 760 2214 826 dabo:
2282 763 2598 825 certumst
2658 762 2811 826 bene
2870 780 2972 827 me

2415 887 2698 960 [curare.
2751 882 2879 947 532

777 1004 1217 1084 Wenigstens
1276 1005 1397 1071 hat
1460 1022 1619 1071 man
1681 1005 1834 1070 dem
1898 1003 2236 1070 hubsohen
2297 1003 2380 1069 V.
2445 1003 2570 1068 531
2639 1003 2974 1069 schweres

776 1126 1079 1191 Unreoht
1140 1127 1410 1206 gethan,
1473 1145 1672 1192 wenn
1722 1144 1879 1191 man
1925 1126 2042 1190 ihn
2089 1125 2422 1190 streiohen
2471 1124 2695 1189 wollte
2739 1140 2971 1205 wegen

777 1248 998 1314 seiner
1066 1235 1502 1314 Ahnliohkeit
1571 1249 1697 1313 mit
1764 1247 1915 1313 dem
1983 1245 2296 1313 albernen
2360 1246 2560 1310 Satze
2624 1245 2774 1312 557.
2819 1246 2976 1327 quoi

780 1369 1034 1435 homini
1096 1370 1171 1435 di
1227 1373 1391 1435 sunt
1436 1371 1744 1452 propitii,
1797 1372 1858 1435 ei
1901 1387 2035 1434 non
2081 1386 2218 1433 esse
2260 1369 2470 1433 iratos
2507 1369 2690 1450 putO,
2739 1367 2976 1432 womit

776 1491 1073 1557 derselbe
1136 1492 1491 1574 Cappadox
1553 1491 1702 1557 bald
1764 1490 2007 1557 darauf
2059 1507 2183 1555 aus
2237 1490 2389 1554 dem
2437 1488 2708 1569 Tempe]
2753 1491 2977 1554 treten

779 1611 921 1679 6011.
968 1611 1313 1679 Vielmehr
1358 1614 1450 1679 ist
1488 1614 1667 1679 diese
1706 1615 1979 1679 dumme
2018 1612 2290 1678 Parodie
2323 1613 2516 1695 jenes
2549 1610 2978 1689 bebaglichen

780 1732 1111 1815 Spruches
1163 1736 1306 1800 hier
1349 1754 1436 1800 zu
1483 1735 1837 1801 streichen.
1884 1735 2016 1801 Der
2061 1733 2503 1815 Interpolator
2546 1733 2668 1797 hat
2713 1732 2817 1796 bei
2861 1731 2980 1795 der

778 1856 1350 1936 entspreohenden
1386 1856 1725 1922 Situation
1767 1855 2146 1939 (postquam
2176 1872 2320 1920 rem
2343 1854 2646 1920 divinam
2668 1854 2797 1933 feci
2821 1850 2977 1936 558)

779 1977 985 2044 daran
1032 1978 1343 2043 erinnem
1393 1976 1695 2044 wollen”.

869 2098 948 2164 In
987 2099 1229 2179 quibus
1268 2100 1492 2165 verbis
1529 2100 1704 2165 haud
1745 2100 1961 2164 multa
2001 2102 2184 2175 sunt,
2221 2115 2392 2179 quae
2415 2114 2488 2163 se
2511 2095 2978 2177 probabilitate

779 2220 1268 2286 commendent.
1334 2221 1467 2285 Cur
1528 2221 1803 2286 tandem
1863 2221 2100 2285 verba:
2170 2219 2365 2303 „quoi
2408 2216 2663 2283 homini
2708 2234 2766 2281 6.
2790 2232 2852 2296 q.
2879 2214 2980 2279 s.'’

781 2328 1015 2419 magis
1034 2344 1194 2421 apta
1232 2344 1395 2406 sunt
1435 2342 1626 2407 initio
1664 2358 1868 2422 quam
1907 2340 2026 2406 fini
2067 2339 2442 2420 soliloquii?
2479 2338 2716 2403 Nonne
2753 2338 2980 2417 potest

781 2465 979 2543 poeta
1009 2462 1337 2541 lenonem,
1377 2464 1734 2543 postquam
1772 2462 1916 2541 ipse
1955 2461 2081 2525 sibi
2119 2461 2449 2525 rationem
2485 2461 2794 2525 fortunae
2819 2472 2982 2521 suae

780 2583 1083 2665 reddidit,
1150 2583 1657 2649 concludentem
1718 2582 1932 2648 faeere
1994 2582 2151 2647 deos
2213 2581 2342 2646 sibi
2401 2597 2549 2646 esse
2609 2578 2981 2661 propitios?

782 2706 1011 2787 Atque
1072 2707 1227 2788 quid
1290 2707 1512 2772 virum
1574 2707 1848 2772 doctum
1909 2706 2125 2771 movit
2184 2709 2268 2770 ut
2313 2707 2650 2770 statueret
2695 2720 2798 2767 vs.
2851 2701 2982 2768 530

782 2831 853 2893 et
900 2828 1027 2893 532
1074 2828 1367 2910 separari
1415 2819 1552 2893 11011
1594 2828 1837 2910 posse?
1882 2826 2209 2908 Loquitur
2255 2825 2350 2891 sic
2394 2825 2577 2890 leno:
2628 2823 2982 2911 „quoniam

783 2949 949 3013 bene
1010 2949 1187 3028 gessi
1244 2965 1406 3026 rem,
1460 2949 1609 3014 volo
1656 2948 2061 3029 supplicar03
2110 2945 2323 3011 multo
2372 2945 2556 3011 enim
2599 2944 2810 3026 pluris
2856 2943 2982 3008 vir·

784 3072 1009 3152 ginem
1070 3071 1341 3136 vendidi
1397 3088 1601 3152 quam
1660 3072 1814 3136 emi.
1878 3069 2006 3135 Sed
2065 3086 2242 3146 eum,
2299 3069 2409 3150 qui
2457 3085 2608 3133 eam
2655 3065 2978 3147 vendidit,

784 3212 940 3260 011111
978 3210 1348 3275 numquam
1386 3193 1525 3258 iam
1563 3192 1867 3273 viderim,
1908 3190 2270 3256 verisimile
2301 3193 2407 3254 est
2431 3191 2776 3254 mortuum
2799 3203 2980 3268 esse3

785 3334 919 3382 non
980 3316 1186 3395 igitur
1245 3331 1567 3394 magnum
1612 3313 1982 3395 periculum
2027 3316 2155 3388 est,
2203 3328 2289 3376 ne
2333 3327 2657 3409 umquam
2703 3310 2985 3390 triginta

787 3439 1007 3504 minae
1055 3439 1195 3503 sint
1241 3438 1624 3503 reddendae.
1673 3439 1772 3501 At
1819 3435 1965 3501 sive
2010 3434 2223 3517 periit,
2275 3433 2420 3499 sive
2467 3433 2662 3508 vivit,
2709 3432 2868 3512 quid
2915 3432 2983 3496 id

786 3578 938 3627 mea
1002 3560 1205 3626 refert
1221 3561 1256 3624 ἱ)
1324 3560 1499 3625 Nam
1567 3561 1922 3639 argentum
1989 3556 2194 3621 habeo
2265 3555 2461 3638 (beati
2507 3553 2920 3637 possidentes
2931 3553 2986 3635 Ι)

787 3681 1219 3748 Manifestum
1258 3681 1464 3760 igitur
1500 3684 1608 3746 est
1647 3680 1804 3746 deos
1843 3678 2006 3744 mihi
2045 3693 2192 3742 esse
2230 3677 2573 3757 propitios,
2613 3693 2776 3741 nam
2811 3675 2985 3757 ‘quoi

787 3803 1044 3868 homini
1106 3802 1170 3866 di
1228 3804 1392 3867 sunt
1438 3801 1830 3882 propitii,
1876 3799 2135 3864 luorum
2184 3798 2259 3863 ei
2306 3798 2596 3879 profecto
2641 3796 2985 3864 obiciunt?

790 3925 919 3991 Sed
956 3943 1090 3991 non
1126 3925 1260 3990 iam
1302 3924 1591 4004 cessabO,
1618 3925 1822 4003 atque
1861 3936 2131 4001 operam
2167 3918 2334 3984 dabo
2374 3919 2471 3985 rei
2499 3918 2787 3984 divinae.
2815 3916 2990 3983 Nam

789 4051 1047 4114 eertum
1095 4047 1261 4112 mihi
1307 4049 1415 4112 est
1460 4061 1569 4110 me
1619 4046 1783 4110 bene
1832 4041 2131 4108 ourare.''

880 4167 1149 4234 Gaudeo
1211 4168 1638 4232 annnoimm
1697 4162 1990 4244 lepidum
2051 4177 2151 4225 vs,
2202 4161 2327 4227 531
2382 4178 2515 4226 non
2565 4177 2723 4225 oum
2768 4158 2997 4224 SoAm·

789 4307 961 4356 enno
1021 4289 1398 4354 damnasse.
1463 4286 1590 4351 Sed
1650 4285 1983 4350 minuitur
2041 4283 2360 4362 gaudium
2424 4299 2652 4347 meum
2713 4280 2886 4362 quod
2933 4279 2995 4344 ei

789 4413 1085 4493 parcitur
1122 4428 1277 4475 oum
1315 4410 1559 4474 damno
1598 4424 1837 4471 versus
1858 4404 2026 4484 557,
2069 4419 2268 4484 quem
2306 4420 2579 4468 versum
2603 4420 2737 4468 non
2763 4401 2992 4467 minus
