3450 5350
1753 576 1880 640 142

712 750 850 815 Sat.
911 750 967 833 5,
1026 752 1141 816 19:
1198 754 1507 838 „bullatis
1554 759 1820 837 nugis‚”
1868 758 1982 824 ubi
2028 759 2273 824 iniuria
2317 758 2621 823 meliores
2667 757 2920 823 codices
3049 802 3053 805 γ

702 874 986 956 pullatis
1032 876 1343 955 praebere
1391 878 1556 944 mihi
1603 879 1938 946 videntur.

712 1164 716 1168 -
804 1135 906 1183 vs,
955 1118 1086 1182 618
1135 1135 1277 1199 sqq.
1329 1120 1950 1202 Therapontigonus
1994 1122 2400 1188 Phaedromo
2446 1120 2729 1201 roganti,
2770 1120 2920 1201 quis

711 1238 772 1304 ei
814 1238 1144 1319 virginem
1184 1241 1513 1322 mancipio
1554 1243 1811 1308 dederit
1848 1246 1969 1308 aut
2009 1244 2184 1310 unde
2223 1243 2481 1319 emerit,
2524 1242 2917 1323 respondet:

905 1361 1040 1440 Ego
1101 1362 1369 1442 quidem
1431 1380 1549 1443 pro
1609 1364 1782 1429 istac
1834 1380 1976 1430 rem
2022 1365 2194 1430 solvi
2237 1365 2322 1429 ab
2370 1364 2700 1444 trapezita
2747 1378 2917 1428 meo.

899 1482 1111 1562 Quam
1172 1499 1292 1562 ego
1354 1484 1706 1565 pecuniam
1752 1485 2248 1568 quadruplicem
2291 1487 2413 1552 abs
2457 1489 2527 1552 te
2571 1489 2642 1552 et
2686 1486 2922 1551 lenone

2477 1609 2826 1689 [auferam.

718 1727 849 1791 620
898 1724 1037 1790 ΡΗ.
1096 1726 1222 1806 Qui
1282 1727 1414 1793 scis
1472 1729 1750 1794 mercari
1814 1729 2104 1796 furtivas
2165 1734 2368 1812 atque
2422 1730 2748 1810 ingenuas
2795 1728 2919 1793 vir·

2593 1851 2832 1935 [511168.

901 1970 1191 2035 Ambula
1228 1970 1297 2034 in
1338 1970 1464 2036 ius,
1511 1972 1652 2036 TH.
1698 1972 1848 2037 Non
1887 1989 1984 2039 eo.
2015 1972 2155 2038 PH.
2179 1972 2367 2038 Licet
2398 1973 2524 2057 [te]
2551 1972 2928 2038 antestari?

2247 2096 2418 2177 [TH.
2466 2096 2616 2162 Non
2660 2095 2835 2161 licet.

902 2214 1043 2281 PH.
1093 2214 1404 2296 Iuppitur
1450 2217 1540 2291 te,
1592 2216 1803 2298 mileS,
1853 2218 2103 2298 perdat,
2151 2217 2521 2284 intestatus
2567 2217 2818 2297 v‚ivito;

903 2337 1003 2401 At
1062 2352 1204 2415 ege,
1262 2353 1464 2418 quem
1524 2335 1697 2419 licet,
1763 2339 1852 2403 te.
1919 2338 2175 2404 Accede
2237 2340 2386 2405 huo.
2451 2339 2592 2403 ΤΗ.
2649 2339 2929 2404 Servom

1997 2460 2409 2543 [antestari?
2457 2459 2594 2524 CV.
2647 2460 2837 2525 Vide.

726 2582 878 2645 624.
908 2579 1038 2644 625
1062 2580 1189 2644 Em
1248 2582 1330 2644 ut
1388 2580 1560 2645 scias
1624 2597 1735 2645 me
1783 2555 2060 2647 liberum
2109 2598 2276 2647 esse.
2327 2581 2497 2660 Ergo
2543 2581 2814 2646 ambula
2859 2581 2929 2645 in

2125 2705 2279 2784 [ius.
2328 2704 2470 2768 ΤΗ.
2521 2704 2646 2769 Em
2698 2704 2839 2769 tibi.

905 2825 980 2890 C.
1045 2826 1097 2890 O
1141 2825 1347 2902 civeS,
1396 2825 1595 2890 cives.
1648 2825 1790 2890 ΤΗ.
1841 2825 2009 2906 Quid
2053 2826 2352 2890 clamas?
2397 2827 2538 2891 PH.
2590 2826 2757 2907 Quid
2809 2826 2925 2891 tibi

2139 2949 2380 3028 [istum
2428 2948 2637 3014 tactio
2683 2949 2840 3013 est?

906 3069 1047 3134 ΤΗ.
1098 3068 1266 3149 Quia
1312 3069 1478 3134 mihi
1523 3068 1815 3134 lubitum
1853 3072 1980 3134 est.
2022 3069 2160 3133 PH.
2203 3069 2463 3135 Accede
2502 3070 2632 3135 huc
2671 3073 2771 3145 tu,
2811 3085 2930 3148 ego

1928 3189 2147 3273 [illum
2193 3191 2317 3254 tibi
2362 3190 2619 3273 dedam,
2669 3193 2836 3254 tace.

902 3311 1030 3376 PL.
1096 3311 1523 3388 Phaedrome,
1585 3313 1856 3378 obsecro
1917 3329 2115 3378 serva
2176 3331 2305 3378 me.
2362 3312 2501 3377 PH.
2552 3313 2923 3393 Tamquam

1969 3433 2102 3520 [me
2149 3438 2220 3499 et
2265 3434 2539 3513 genium
2583 3451 2830 3500 meum.

812 3556 920 3621 Sic
982 3556 1213 3622 scribit
1270 3557 1389 3621 hos
1440 3573 1679 3622 versus
1729 3557 2199 3638 distribuitque
2245 3573 2562 3636 personas
2610 3555 2762 3638 Lno,
2813 3555 2929 3621 sed

724 3678 1025 3758 pluribus
1085 3677 1243 3742 locis
1305 3677 1615 3743 discessit
1668 3696 1709 3743 a
1756 3678 2108 3744 codicibus,
2159 3677 2550 3753 VideamuS‚
2597 3681 2934 3758 quatenus

718 3800 1096 3882 sequendus
1145 3799 1256 3864 sit.
1308 3798 1428 3864 Vs.
1479 3799 1611 3862 619
1662 3817 1896 3865 omnes
1943 3800 2230 3865 editores
2269 3800 2672 3865 continuant
2711 3799 2932 3875 militi,

718 3921 963 3986 iniuria
1011 3920 1227 4001 siquid
1282 3920 1473 3985 video
1519 3921 1874 3991 reicientes
1924 3921 2339 3987 sententiam
2385 3918 2673 3986 DEMELII
2705 3918 2770 4004 ¹),
2820 3920 2933 4001 qui

716 4060 877 4109 eum
937 4042 1178 4107 tribuit
1240 4041 1666 4107 Phaedromo.
1736 4043 2021 4108 Omnino
2085 4043 2267 4108 enim
2327 4060 2568 4108 versus
2626 4059 2668 4106 a
2720 4041 2932 4106 milite

786 4332 843 4400 1)
878 4329 1235 4386 Plautinische
1284 4329 1525 4399 Studien,
1564 4329 1862 4385 zeitschrift
1894 4330 1980 4384 fiir
2019 4330 2520 4403 Rechtsgeschichte
2557 4331 2587 4386 I
2623 4351 2673 4404 p.
2715 4332 2815 4386 352
2853 4350 2929 4404 sq.

717 4421 785 4475 et,
812 4419 916 4472 360
954 4436 1065 4491 sqq.
