3450 5350
1539 595 1667 660 145

508 792 625 857 pro
686 774 974 843 satellite
1020 793 1307 858 eumque
1353 778 1546 841 vetat
1591 778 1840 841 testem
1886 792 2055 855 esse,
2103 791 2234 855 quo
2279 772 2455 838 facto
2502 772 2706 838 Phae·

510 896 783 963 dromus
830 896 923 961 illi
969 898 1168 966 obicit
1216 897 1779 963 exsecrationem:

689 1020 991 1099 Iuppiter
1036 1022 1129 1096 te,
1177 1019 1387 1095 miles,
1438 1018 1691 1099 perdat,
1741 1018 2113 1082 intestatus
2166 1016 2401 1083 vivito.

510 1140 700 1203 ‘miles
734 1140 1115 1205 coniectura
1151 1142 1257 1204 est
1296 1137 1535 1205 Lnonn
1572 1155 1687 1219 pro
1726 1138 1933 1219 Μαίας
1973 1139 2316 1218 comparat
2347 1135 2452 1200 vir
2474 1135 2710 1201 doctus

515 1279 616 1325 vs.
683 1262 835 1337 720,
896 1257 1087 1342 Gapt.
1152 1262 1317 1336 9093
1380 1262 1798 1327 ancssmsnn
1859 1258 2022 1337 legit
2084 1259 2167 1324 ad
2231 1274 2550 1323 numeros
2601 1274 2710 1322 ex·

512 1382 818 1464 plendos:
880 1386 951 1448 at
1004 1386 1062 1447 te
1108 1382 1419 1467 Iuppiter
1435 1406 1461 1463 ,·
1507 1384 1579 1449 in
1626 1382 1874 1449 Aldina
1915 1382 2160 1463 legitur
2205 1380 2550 1464 disperdat
2597 1396 2710 1459 pro

506 1504 771 1587 perdat.
836 1504 1093 1571 Ussme
1159 1509 1229 1570 et
1292 1504 1508 1570 Gomz
1560 1506 1940 1586 sequuntur
1986 1503 2333 1569 &mmmmm
2379 1500 2713 1567 delentem

516 1642 807 1691 versum.
853 1624 953 1691 At
999 1627 1259 1707 probari
1304 1627 1485 1692 istud
1532 1644 1664 1691 non
1714 1628 1941 1707 potest
1983 1624 2150 1690 nihil
2195 1624 2466 1689 omnino
2514 1621 2712 1687 Phae·

513 1748 819 1814 dromum
878 1750 1219 1815 recusanti
1276 1749 1478 1814 militi
1539 1749 1954 1829 respondere,
1996 1747 2110 1813 sed
2159 1746 2400 1812 statim
2449 1761 2521 1810 se
2567 1762 2713 1810 con·

514 1874 778 1937 vertere
836 1872 919 1936 ad
981 1870 1463 1937 Curculionem.
1526 1870 1709 1951 Quod
1767 1870 2023 1935 Ussrno
2069 1868 2436 1933 arbitratur
2481 1883 2716 1932 vocem

514 1994 868 2058 intestatus
908 1991 1013 2057 hic
1059 2010 1189 2058 non
1238 1995 1417 2058 recte
1464 1992 1782 2068 adhiberi,
1808 2008 1891 2055 ne
1929 1992 2052 2056 hoc
2089 1990 2356 2071 quidem
2396 1988 2714 2069 concedo;

516 2110 760 2191 colligit
826 2112 931 2177 vir
990 2112 1227 2178 doctus
1290 2112 1475 2178 vocis
1522 2111 2076 2193 significationem
2122 2128 2208 2176 ex
2254 2108 2355 2176 Vs.
2403 2110 2558 2185 695,
2606 2109 2718 2174 ubi

520 2234 914 2319 „intestatus
977 2250 1133 2299 reus
1194 2234 1455 2317 dicitur,
1519 2234 1652 2317 qui,
1708 2251 1917 2315 quum
1963 2232 2315 2298 intestatio
2362 2232 2540 2298 facta
2583 2248 2718 2295 non

519 2355 629 2439 sit,
681 2356 750 2420 in
801 2356 911 2421 ius
955 2354 1250 2437 rapitur3
1304 2356 1419 2421 sed
1468 2356 1592 2421 hoc
1640 2372 1758 2437 pro
1801 2356 2144 2437 obprobrio
2192 2354 2382 2419 obiici
2429 2370 2561 2419 non
2611 2370 2716 2435 po-

520 2482 661 2543 test
681 2499 695 2559 ;
746 2478 859 2559 qui
904 2479 1083 2543 hunc
1130 2496 1405 2545 versum
1453 2478 1524 2561 (i.
1554 2496 1604 2542 e.
1645 2496 1740 2543 vs.
1784 2478 1944 2554 622)
1986 2477 2273 2559 scripsit,
2301 2477 2480 2542 aliud
2517 2474 2718 2541 simul

519 2599 1000 2680 significaverit
1045 2616 1314 2665 necesse
1352 2603 1479 2676 est,
1522 2600 1668 2665 sine
1708 2599 1906 2664 dubio
1945 2599 2142 2673 idem,
2183 2598 2356 2681 quod
2381 2597 2514 2662 Mil.
2546 2598 2715 2663 1407

518 2722 641 2805 (ed.
704 2721 901 2786 Leon.
966 2723 1187 2801 1416),
1256 2722 1583 2787 testiculis
1636 2723 2014 2802 carentem3
2063 2738 2187 2786 nec
2232 2719 2550 2785 Plautum
2597 2720 2720 2784 hoc

520 2844 867 2925 scripsisse
912 2844 1215 2918 arbitror,
1265 2844 1381 2909 sed
1428 2843 1825 2910 histrionem
1871 2843 2162 2924 aliquem
2208 2842 2384 2907 illius
2429 2841 2552 2906 loci
2587 2857 2717 2906 me-

519 2982 774 3031 morem
814 2964 1324 3044 frigidissimum
1360 2965 1583 3030 iocum
1619 2963 2043 3031 intrusisse’'.
2083 2965 2182 3029 At
2219 2963 2451 3045 quidni
2489 2967 2719 3028 nostro

517 3087 654 3152 loco
714 3087 1068 3152 intestatus
1114 3087 1241 3152 dici
1288 3090 1515 3169 potest
1560 3105 1677 3168 pro
1724 3085 2163 3152 intestabilis?
2209 3087 2388 3150 sicut
2433 3085 2722 3149 invictus

522 3208 763 3273 dicitur
826 3226 960 3274 non
1009 3209 1225 3275 solum
1274 3208 1352 3284 is,
1402 3209 1515 3290 qui
1560 3225 1696 3275 non
1743 3208 1970 3273 victus
2016 3211 2143 3289 est,
2191 3206 2306 3272 sed
2353 3207 2560 3271 etiarn
2606 3205 2720 3286 qui

518 3329 699 3394 vinci
742 3347 874 3394 non
921 3333 1165 3410 potest.

610 3451 786 3516 Dum
870 3451 1176 3517 Curculio
1244 3451 1511 3526 accedit,
1587 3454 1665 3516 ut
1734 3451 2176 3517 antestationi
2245 3466 2317 3516 se
2385 3451 2718 3530 praebeat,

522 3571 711 3638 miles
756 3572 1113 3652 indignans
1157 3571 1439 3638 clamat:
1489 3589 1794 3657 „servom
1831 3572 2254 3638 antestati?''
2279 3572 2459 3652 Quae
2496 3572 2723 3646 verba,

520 3711 689 3775 quae
751 3694 821 3758 in
884 3694 1217 3760 codicibus
1280 3693 1691 3759 Curculionis
1753 3697 1935 3770 sunt,
2000 3697 2179 3759 recte
2241 3692 2438 3758 militi
2485 3691 2726 3757 tribuit

523 3816 799 3881 Ussme.
863 3815 961 3880 Ut
1018 3815 1155 3880 iam
1218 3832 1418 3895 supra
1482 3815 1798 3889 vidimus,
1861 3816 2021 3880 haec
2081 3832 2340 3896 quoque
2417 3811 2725 3878 satellitis

521 3953 672 4003 esse
717 3936 1086 4002 arbitratur
1130 3937 1463 4002 RIBBEOK:
1513 3953 1672 4002 nam
1721 3953 1935 4018 neque
1980 3936 2122 4001 fieri
2164 3951 2357 4016 posse
2402 3937 2482 4000 ut
2519 3934 2726 3998 verba

520 4058 908 4138 sequentia:
962 4057 1175 4140 „vide
1222 4073 1332 4121 em
1379 4061 1459 4121 ut
1506 4057 1680 4123 scias
1726 4074 1835 4122 me
1879 4056 2161 4122 liberum
2203 4055 2398 4121 esse’'
2440 4055 2523 4119 ad
2551 4053 2728 4117 The·
2792 4058 2796 4062 ’

522 4179 1036 4260 rapontigonum
1081 4180 1407 4258 spectent,
1460 4182 1532 4243 et
1576 4180 1755 4243 hunc
1801 4179 1998 4260 probe
2045 4179 2212 4243 scire
2262 4176 2728 4242 Curculionem

523 4318 655 4369 non
702 4316 853 4366 esse
899 4317 1195 4365 servum.
1244 4301 1342 4365 At
1382 4317 1557 4379 rog0,
1598 4317 1764 4366 num
1805 4297 2166 4365 verisimile
2207 4298 2464 4368 sithoc
2502 4296 2731 4361 minus

522 4427 761 4488 notum
826 4422 1140 4488 habuisse
1200 4421 1559 4488 satellitem
1628 4421 1886 4487 militis.
1937 4420 2173 4486 Nonne
2225 4422 2452 4502 potest
2516 4416 2732 4492 miles,

2465 4535 2528 4584 10
