3450 5350
1856 586 1981 649 126

813 763 1051 827 doetus
1111 762 1453 843 proposuit,
1516 780 1649 828 non
1719 768 1828 829 est
1874 766 2090 845 magis
2134 764 2551 846 probandum
2597 779 2798 843 quam
2841 762 3013 842 quod

816 884 1242 949 coniecerunt
1302 884 1547 950 LOMAN
1608 888 1812 966 atque
1873 888 2189 953 RITSGHL.
2261 886 2452 951 Delet
2513 885 2690 949 enim
2753 885 2822 947 in
2883 882 3015 947 fine

817 1021 1057 1070 versus
1094 1005 1381 1085 tabellae,
1421 1008 1641 1087 atque,
1680 1008 1812 1073 etsi
1850 1026 1984 1073 non
2023 1010 2286 1087 ignorat
2325 1008 2640 1072 Plautum
2678 1006 2748 1070 in
2774 1002 3018 1069 talibus

817 1128 1447 1207 interrogationibus
1530 1129 2042 1195 substantivum
2117 1132 2414 1211 repetere
2484 1129 2712 1207 solere,
2786 1129 3018 1191 tamen

817 1254 1018 1331 putat
1076 1250 1160 1315 ad
1222 1268 1393 1331 9333
1454 1252 1527 1315 iu
1590 1252 1762 1315 mihi
1818 1251 2006 1317 facile
2067 1250 2416 1331 cogitando
2475 1249 2765 1331 suppleri
2825 1264 3022 1328 posse

815 1370 1101 1436 tabellas.
1142 1371 1324 1452 Quod
1367 1389 1498 1436 non
1540 1372 1682 1437 fieri
1722 1390 1919 1453 posse
1945 1342 2285 1439 neminetn
2308 1389 2444 1437 non
2469 1371 2721 1436 sentire
2745 1368 3020 1435 confido.

916 1494 1141 1559 Etiam
1188 1493 1551 1559 Nmnnranss
1578 1490 1625 1571 1)
1664 1511 1935 1560 versum
1974 1496 2384 1561 servandum
2421 1510 2570 1559 3333
2607 1495 2862 1569 censet,
2905 1492 3022 1556 sed

822 1615 1043 1680 10011111
1104 1618 1368 1681 mutare
1413 1616 1633 1681 iubet:
1688 1597 1793 1701 „5⁵7.
1845 1618 1974 1683 545
2022 1618 2188 1682 wird
2233 1616 2442 1681 selbst
2487 1632 2622 1681 von
2669 1616 2794 1680 den
2841 1616 3022 1680 beru-

820 1738 1086 1802 fensten
1127 1736 1457 1802 kritikern
1488 1738 1886 1817 gestrichen.
1913 1756 2174 1805 warum
2200 1739 2429 1803 wurde
2462 1755 2534 1803 er
2557 1738 2973 1819 interpoliert
2991 1738 3023 1799 ’Β

825 1859 1075 1925 welche
1134 1859 1227 1924 ist
1286 1859 1469 1925 331113
1531 1862 2031 1943 ursprfingliehe
2085 1861 2364 1940 fassung
2409 1877 2718 1941 gewesen
2734 1863 2769 1926 ἰ’
2815 1861 3027 1941 tilgen

831 1982 955 2047 wir
990 1981 1127 2065 ihn,
1170 1999 1243 2047 so
1280 1982 1607 2047 vermisse
1650 1983 1756 2047 1011
1803 2000 1925 2048 vor
1965 2001 2027 2049 v.
2076 1984 2200 2049 551
2252 1985 2519 2050 stultior
2564 1985 2760 2049 stulto
2803 1983 3025 2068 fuisti,

828 2104 943 2186 qui
1002 2105 1111 2169 his
1172 2104 1423 2169 tabellis
1481 2106 1780 2170 crederes
1839 2106 1985 2172 eine
2053 2106 2318 2173 friihere
2365 2106 2690 2173 deutliohe
2737 2107 3031 2172 bezeich-

829 2242 1016 2305 nung
1060 2225 1176 2290 der
1214 2224 1495 2307 tabellae,
1526 2227 1597 2307 ja
1638 2244 1711 2291 33
1749 2226 1840 2292 ist
1879 2228 1987 2292 fiir
2027 2227 2203 2293 mich
2244 2227 2617 2311 zweifeHOS,
2652 2228 2811 2293 <lasz
2850 2226 3034 2311 Lyco

827 2346 925 2413 313
994 2346 1146 2411 dem
1215 2345 1835 2429 Therapontigonus
1905 2335 2278 2429 fibergeben
2348 2350 2486 2415 hat.
2551 2350 2653 2415 die
2715 2352 3038 2428 unterge-

833 2467 1159 2533 sohobene
1212 2467 1476 2533 tabellae
1527 2469 1675 2534 sind
1718 2470 1792 2551 ja
1837 2470 1941 2535 die
1987 2470 2399 2552 hauptsache
2445 2471 2596 2549 (vgl.
2645 2470 2798 2535 347.
2848 2472 3032 2555 432),

829 2588 992 2656 alles
1035 2590 1263 2669 sibrige
1309 2590 1404 2655 ist
1449 2591 1841 2672 unwiehtig‚
1882 2592 1989 2657 ein
2039 2593 2559 2672 scharfsinniger
2595 2592 3036 2673 interpolator

828 2710 1143 2796 fiirwahr,
1213 2713 1331 2777 der
1400 2713 1626 2778 diesen
1694 2715 1961 2794 mangel
2029 2714 2275 2780 fiihlte!
2348 2715 2487 2780 und
2549 2716 2762 2780 dieser
2825 2731 3035 2780 mann

829 2833 1019 2899 sollte
1078 2833 1262 2899 331113
1322 2835 1797 2915 interpolation
1857 2853 1932 2901 30
1994 2836 2311 2902 verkehrt
2371 2837 2706 2901 zwisehen
2768 2853 2833 2898 v.
2904 2835 3036 2899 544

830 2956 971 3020 und
1044 2956 1171 3020 546
1243 2957 1649 3036 angebraeht
1716 2958 1982 3023 haben?
2051 2976 2194 3023 nun
2263 2959 2529 3023 kommt
2598 2958 2767 3024 noch
2827 2957 3037 3022 hinzu

830 3075 989 3140 dasz
1052 3091 1119 3140 v.
1184 3073 1311 3140 547
1379 3076 1788 3142 Wunderlieh
1851 3078 2281 3161 nachklappt,
2331 3079 2489 3144 dasz
2534 3078 2653 3144 das
2698 3097 2816 3144 nee
2862 3095 3038 3158 ganz

833 3195 1380 3261 unverstandlieh
1428 3197 1563 3280 ist,-
1588 3197 1694 3263 ioh
1743 3198 2070 3264 schreibe:

834 3348 964 3412 543
1010 3348 1181 3412 scire
1224 3348 1358 3413 volo
1406 3350 1559 3429 quoi
1604 3349 1978 3414 reddidisti.
2028 3350 2181 3436 Lye.
2232 3351 2467 3416 Lusco.
2494 3333 2720 3417 liberto
2766 3354 2897 3430 tue,

1015 3472 1075 3536 ie
1121 3470 1577 3536 Summanum
1622 3490 1692 3536 30
1737 3474 1963 3538 vocari
2006 3473 2194 3557 dixit,
2246 3475 2305 3538 ei
2348 3475 2634 3541 reddidi.

836 3593 967 3659 546
1020 3595 1207 3660 Ther.
1272 3611 1434 3676 9303
1494 3597 1566 3659 tu
1612 3595 1786 3660 mihi
1829 3596 2040 3660 luscos
2087 3596 2366 3679 libertae,
2416 3614 2576 3678 9303
2622 3596 3034 3663 Summanos

2593 3720 2892 3784 somnias
2909 3721 2940 3784 2

834 3837 964 3903 545
1012 3836 1163 3918 1390.
1230 3839 1346 3918 qui
1403 3837 1528 3902 has
1588 3837 1857 3903 tabellas
1901 3838 2280 3919 obsignatas
2330 3723 2593 3905 attulit.[
2626 3839 2812 3904 Ther.
2863 3857 3040 3920 9333

2655 3964 2730 4026 tu
2775 3961 2948 4026 mihi

1022 4081 1259 4153 <das
1328 4080 1748 4145 tabellas?
1817 4099 1962 4146 nee
2031 4083 2402 4149 tabellas
2470 3967 2653 4147 tibi[
2701 4083 2936 4147 iussi
3000 4101 3044 4146 3

2201 4208 2346 4282 [me
2391 4203 2937 4284 adferrier>

904 4417 961 4485 1)
996 4416 1149 4470 Neue
1184 4413 1517 4470 Jahrbiieher
1556 4416 1695 4470 1880
1730 4434 1779 4486 p.
1818 4418 1922 4472 428
1964 4437 2040 4490 sq.
