3450 5350
1822 587 1907 651 64

760 767 1003 833 refellit
1062 766 1464 848 Ussmffltm,
1531 767 1887 833 concedere
1946 767 2163 849 possit
2221 765 2425 832 verba
2488 764 2783 846 ‘sequere
2830 761 2962 827 me'

771 905 849 972 „a
909 889 1348 980 grammatico
1414 889 1702 953 fortasse
1767 887 1971 954 inseri
2030 887 2347 968 potuisse,
2412 903 2567 950 cum
2626 881 2961 966 pedisequi

768 1005 1024 1072 nullum
1092 1006 1248 1073 alibi
1320 1008 1685 1088 vestigium
1754 1009 2044 1090 exstet”,
2109 1025 2240 1074 non
2298 1007 2624 1087 intellig03
2688 1005 2966 1070 minime

763 1127 875 1192 illa
945 1129 1148 1193 verba
1217 1130 1739 1210 grammaticum
1801 1130 2119 1195 redolent.
2201 1129 2371 1194 Cum
2433 1144 2623 1208 porro
2684 1123 2968 1191 arbitrer

763 1253 920 1330 post
982 1250 1609 1332 interrogationem:
1681 1251 1869 1336 „quis
1929 1251 2037 1315 hic
2100 1254 2227 1326 est,
2310 1249 2425 1332 qui
2496 1247 2970 1329 Aesculapium

771 1370 1025 1436 salutat
1043 1371 1121 1434 ‘?”
1182 1371 1435 1452 optime
1497 1369 1654 1436 dici'
1690 1382 1918 1452 posse:
1976 1374 2211 1456 „attat,
2262 1387 2462 1452 quem
2506 1364 2966 1452 quaerebam'’,

775 1491 817 1555 i.
858 1507 916 1556 e.
984 1492 1084 1572 ‘iS‚
1146 1507 1343 1573 quem
1405 1490 1847 1572 quaerebam’,
1910 1492 2136 1557 omnia
2196 1495 2374 1557 recte
2420 1508 2493 1556 se
2537 1491 2805 1556 habent.
2854 1488 2970 1553 De·

778 1612 1228 1680 monstrativa
1287 1612 1625 1679 sententia
1678 1613 1950 1679 omnino
1995 1631 2163 1696 opus
2209 1631 2341 1679 non
2387 1618 2512 1690 est,
2561 1628 2970 1695 quamquam

775 1736 906 1801 huc
968 1754 1099 1801 non
1162 1736 1322 1801 facit
1368 1753 1565 1817 quem
1614 1736 1813 1802 affert
1857 1737 2123 1802 SomAU
2169 1753 2443 1802 versum
2489 1736 2655 1801 610:
2710 1734 2971 1819 „salvos

777 1873 965 1921 sum:
1035 1873 1267 1922 eccum
1330 1873 1532 1939 quem
1592 1858 2013 1939 quaerebam.
2078 1857 2234 1939 quid
2306 1857 2465 1937 agis,
2540 1856 2706 1920 bone
2775 1855 2879 1919 vir
2893 1851 2972 1918 ?”

784 1977 958 2067 Nam
1018 1979 1126 2044 hic
1193 1977 1304 2044 illa
1366 1979 1898 2044 demonstrativa
1960 1978 2317 2054 sententia,
2380 1995 2579 2059 quarn
2643 1976 2975 2042 desiderat

785 2099 1056 2175 Ussme,
1103 2099 1283 2165 inest
1328 2099 1396 2164 in
1441 2117 1678 2165 eccum.

877 2359 978 2406 vs.
1030 2340 1160 2406 454
1211 2359 1350 2425 sqq.
1399 2342 1749 2408 Parasitus
1796 2343 2164 2425 trapezitae
2208 2341 2545 2425 persuasit
2584 2357 2657 2406 se
2692 2357 2733 2404 a
2772 2337 2985 2404 milite

789 2462 1077 2528 missum
1122 2479 1290 2529 esse.
1339 2463 1464 2545 Qui
1512 2465 1702 2545 sequi
1750 2481 1905 2530 eum
1955 2465 2171 2530 iubet:

968 2581 1249 2666 Sequere
1301 2585 1442 2669 hac,
1491 2589 1561 2651 te
1608 2585 1956 2651 absolvam
2000 2603 2131 2668 qua
2176 2584 2512 2651 advenisti
2559 2584 2793 2664 gratia.

879 2706 1050 2771 Tum
1098 2713 1473 2789 sequuntur
1518 2709 1716 2774 haec:
2240 2714 2243 2717 ’

789 2824 923 2891 455
969 2828 1196 2909 Atque
1241 2846 1468 2894 eccum
1517 2828 1726 2895 video.
1772 2829 1942 2910 lenc,
1984 2829 2188 2896 salve.
2236 2831 2372 2896 CA.
2422 2829 2504 2894 Di
2550 2834 2619 2895 te
2665 2834 2919 2896 ament.

967 2948 1041 3013 L.
1093 2950 1258 3030 Quid
1304 2951 1426 3015 hoc
1465 2951 1635 3032 quod
1674 2952 1758 3016 ad
1798 2955 1867 3017 te
1908 2952 2155 3017 venio?
2195 2952 2332 3017 CA.
2370 2952 2564 3017 Dicas
2602 2953 2758 3033 quid
2800 2951 2988 3017 velis.

971 3068 1046 3133 L.
1097 3070 1474 3150 Argentum
1519 3073 1823 3154 accipias,
1873 3090 2027 3138 cum
2071 3074 2184 3139 illo
2231 3074 2473 3140 mittas
2518 3074 2867 3154 virginem.

972 3190 1108 3255 CA.
1153 3192 1319 3272 Quid
1366 3192 1537 3273 quod
1584 3194 1848 3259 iuratus
1889 3195 2093 3259 sum?
2140 3194 2213 3258 L.
2279 3193 2447 3275 Quid
2495 3195 2560 3258 id
2608 3194 2811 3259 refert
2848 3196 2991 3271 tua,

968 3311 1147 3377 Dum
1170 3317 1525 3393 argentum
1549 3314 1883 3396 accipias?
1910 3314 2046 3381 CA.
2074 3314 2199 3396 Qui
2225 3318 2453 3380 monet
2476 3315 2666 3395 quasi
2691 3316 2989 3380 adiuvat.

970 3433 1359 3515 Sequimini.
1411 3435 1544 3501 CV.
1592 3435 1797 3513 Len0‚
1845 3453 2011 3502 cave
2042 3436 2126 3500 'in
2176 3439 2247 3501 te
2296 3438 2387 3501 sit
2434 3454 2619 3503 mora
2664 3436 2849 3503 mihi.

880 3554 958 3619 In
1004 3554 1111 3620 his
1157 3572 1416 3637 quoque
1462 3557 1768 3622 versibus
1814 3557 1941 3622 viri
1986 3557 2161 3621 docti
2209 3557 2665 3625 retractatoris
2712 3575 2990 3623 manum

788 3676 1143 3756 agnovisse
1201 3678 1327 3741 sibi
1381 3678 1716 3743 videntur.
1783 3679 1958 3759 Quos
2020 3678 2177 3759 quid
2242 3678 2314 3743 in
2368 3679 2452 3744 iis
2496 3679 2807 3755 offendat,
2853 3679 2987 3744 Lno

791 3797 887 3862 sic
947 3798 1176 3877 paucis
1242 3797 1462 3865 verbis
1523 3801 1845 3863 annotat:
1907 3798 2101 3884 „finis
2142 3815 2423 3882 scaenae
2466 3817 2508 3865 a
2554 3803 2989 3866 retractatore

790 3919 1096 3993 adsutus,
1165 3915 1246 3981 cf.
1320 3916 1640 3982 Goetzius
1702 3918 1771 3982 in
1833 3922 1963 3984 act.
2029 3917 2205 4002 Lips.
2272 3922 2335 4001 6,
2390 3920 2517 3987 278
2566 3938 2697 4002 sq.;
2750 3921 2996 4001 pendet

794 4058 859 4105 v.
925 4038 1056 4103 455
1113 4036 1349 4102 lenone
1409 4055 1544 4102 non
1605 4043 1993 4115 memorato,
2059 4040 2267 4105 nimis
2331 4041 2578 4106 concisi
2642 4041 2793 4105 456.
2846 4040 2993 4125 457,

790 4177 924 4225 non
972 4157 1368 4239 intelligit-ur
1415 4159 1563 4241 458,
1608 4176 1765 4224 cum
1803 4160 2267 4227 iusiurandum
2310 4162 2719 4227 Phaedromo
2762 4164 2997 4228 datum

790 4282 1172 4362 ignoremus
1240 4280 1344 4356 (cf.
1413 4281 1817 4346 Ribbeckius
1886 4284 2000 4347 rel.
2090 4300 2223 4349 soc.
2294 4284 2472 4364 Lips.
2552 4284 2742 4366 1879,
2816 4283 2997 4365 81)”.

795 4402 1088 4469 Versum
1152 4401 1280 4467 455
1353 4405 1593 4487 „atque
1655 4421 1890 4469 eccum
1954 4405 2188 4470 video”
2245 4421 2377 4470 non
2426 4406 2523 4470 sic
2570 4406 2757 4486 sequi
2803 4421 2998 4487 posse
