3450 5350
1818 591 1943 655 134

1869 773 1977 839 Nil
2023 774 2198 855 apud
2245 790 2354 838 me
2401 775 2688 858 quidem,

785 893 915 959 565
962 893 1061 958 Ne
1122 894 1331 959 facias
1394 896 1611 971 testis,
1677 911 1890 976 neque
1959 893 2265 976 equidem
2334 893 2533 958 debeo
2601 894 2980 975 quicquam.

2313 1014 2476 1092 [TH.
2530 1014 2697 1095 Quid
2738 1017 2890 1081 est?

961 1136 1031 1201 C.
1083 1137 1265 1218 Quod
1327 1138 1425 1202 fui
1471 1137 1738 1203 iuratus
1783 1136 1926 1203 feci.
1975 1137 2116 1201 ΤΗ.
2166 1135 2423 1201 Reddin
2469 1152 2557 1199 an
2603 1153 2740 1201 non
2789 1137 2984 1218 virgi-

2390 1263 2570 1335 [nem
2605 1274 2674 1322 ·e.
2721 1275 2783 1339 q.
2834 1276 2888 1323 s.

780 1380 1089 1445 Annotat
1149 1378 1320 1444 Lno:
1391 1377 1561 1463 „565
1623 1395 1721 1459 sq.
1785 1376 2086 1458 colloquii
2147 1377 2476 1443 decurtati
2539 1372 2825 1458 'vestigia
2871 1379 2982 1444 ha·

780 1501 1005 1566 bent'’.
1070 1499 1251 1581 Quod
1299 1517 1429 1581 qua
1474 1515 1677 1573 causa
1722 1500 2108 1573 arbitretur,
2158 1477 2432 1563 omnino
2480 1516 2614 1563 non
2660 1498 2978 1579 intelligo.

779 1623 1001 1688 Verba
1070 1640 1151 1687 ne
1215 1622 1433 1703 facias
1502 1623 1683 1686 testis
1752 1624 1932 1685 recte
2001 1621 2486 1701 interpretatur
2545 1619 2982 1687 Gssonovrus:

787 1743 949 1830 „Qui
988 1742 1378 1825 simpliciter
1416 1745 1647 1808 monet
1684 1742 2178 1823 accipiendum:
2213 1758 2298 1807 ne
2322 1741 2391 1806 in
2417 1739 2708 1806 testibus
2748 1744 2981 1807 contra

755 1882 886 1929 ‘me
956 1864 1361 1930 adducendis
1430 1867 1553 1929 aut
1620 1862 2064 1929 subornandis
2131 1862 2427 1928 multum
2496 1880 2574 1927 ac
2634 1863 2979 1928 incassum

777 1985 1066 2051 labores:
1129 1983 1293 2049 lusit
1354 2000 1643 2065 operam.
1706 1982 1779 2047 Si
1830 1983 1982 2066 quis
2027 1983 2099 2048 in
2144 2000 2216 2047 re
2260 1983 2461 2048 dubia
2505 1991 2628 2048 aut
2672 1985 2851 2048 unde
2895 1983 2978 2049 lis

776 2105 932 2170 oriri
968 2108 1218 2187 posset,
1257 2104 1573 2170 audiebat
1602 2104 2066 2169 adversarium
2118 2104 2580 2186 imprudenter
2619 2104 2976 2181 dicentem,

776 2243 907 2307 quo
969 2226 1478 2291 convinceretur
1535 2228 1657 2291 aut
1718 2228 2084 2309 teneretur,
2151 2228 2539 2306 praesentes
2585 2224 2976 2307 appellabat,

780 2347 1251 2413 meminissent
1319 2346 1442 2412 hoc
1508 2348 1593 2411 ab
1653 2347 1788 2412 isto
1848 2348 2122 2428 dictum,
2187 2348 2386 2428 inque
2447 2365 2599 2413 eam
2654 2365 2817 2428 rem,
2868 2349 2981 2413 ubi

776 2485 943 2549 opus
1003 2468 1193 2549 foret,
1266 2466 1736 2532 testimonium
1807 2468 2255 2549 perhiberent.
2329 2469 2788 2548 Repentinum
2858 2468 2980 2534 hoc

777 2593 939 2672 erat,
1006 2593 1075 2654 et
1134 2587 1359 2654 nullus
1417 2587 1602 2653 locus
1666 2589 2094 2654 subornandi.
2147 2590 2422 2655 Terent.
2475 2588 2755 2671 Adelph.
2806 2592 2866 2655 2.
2922 2592 2980 2654 1.

789 2711 910 2775 Ubi
969 2729 1070 2775 me
1130 2711 1363 2776 dixero
1424 2711 1590 2774 dare
1652 2711 1844 2790 tanti,
1909 2713 2097 2775 testes
2149 2711 2346 2792 faciet
2390 2713 2559 2777 illico
2605 2699 2980 2778 vendidisse

776 2850 898 2896 me.
946 2830 1095 2896 Noli
1142 2847 1407 2912 sperare
1454 2831 1678 2896 verbis
1724 2848 1835 2897 me
1878 2832 1999 2896 abs
2049 2835 2118 2896 te
2164 2832 2701 2899 circumventum
2749 2834 2851 2910 iri,
2899 2838 2980 2899 ut

776 2952 834 3016 si
879 2951 1035 3033 quid
1080 2951 1470 3031 ambiguum
1520 2952 1768 3028 dixero,
1823 2956 1902 3017 tu
1949 2955 2296 3033 arreptum
2315 3010 2324 3016 ,
2342 2954 2407 3018 id
2455 2953 2803 3034 appellatis
2849 2957 2978 3020 tes-

774 3072 959 3138 tibus
1022 3072 1364 3137 mandes”.
1427 3071 1608 3139 Leno
1668 3075 1870 3148 enim,
1943 3074 2264 3139 nimirum
2324 3075 2599 3154 ignarus
2667 3092 2740 3140 se
2810 3076 2976 3143 falso

774 3194 1007 3260 militis
1068 3193 1303 3260 liberto
1370 3195 1697 3276 virginem
1759 3195 2131 3278 tradidisse,
2200 3196 2449 3260 metuit
2496 3213 2579 3260 ne
2620 3169 2813 3262 miles
2859 3199 2974 3263 cir·

772 3318 1159 3383 cu'mvenire
1222 3334 1294 3382 se
1356 3317 1539 3382 velit.
1594 3316 1748 3382 Ideo
1797 3317 2034 3382 statim
2082 3317 2327 3384 diserte
2371 3318 2566 3383 dicit:
2623 3318 2754 3402 „nil
2799 3321 2976 3400 apud

773 3454 881 3503 me
942 3435 1289 3518 quidem”;
1354 3454 1489 3503 non
1549 3440 1775 3517 rogat:
1847 3439 2057 3524 „quod
2126 3439 2732 3504 mercimonium”?
2803 3441 2976 3505 Tum

764 3559 951 3624 enim
996 3558 1406 3624 concessisse
1454 3559 1578 3624 dici
1624 3562 1890 3641 poterat
1936 3559 2196 3640 aliquod
2243 3560 2752 3625 mercimonium
2798 3561 2974 3641 apud

772 3697 844 3745 se
887 3697 1057 3760 esse,
1104 3681 1203 3745 ita
1246 3683 1325 3745 ut
1363 3681 1555 3747 miles
1596 3684 1812 3747 testes
1850 3683 2066 3748 facere
2104 3684 2330 3762 posset
2367 3682 2674 3747 lenonem
2712 3682 2972 3748 fassum

768 3818 917 3867 esse
985 3802 1490 3867 mercimonium
1561 3801 1826 3884 aliquod
1899 3801 2134 3869 militis
2198 3820 2347 3868 esse
2406 3803 2582 3884 apud
2645 3820 2736 3868 se.
2803 3802 2974 3868 Cum

769 3922 1212 3988 admiratione
1251 3923 1689 4002 interroganti
1729 3923 1959 3989 militi:
2005 3923 2197 4010 „quid
2223 3927 2331 3990 est
2341 3921 2419 3988 ’δ”
2444 3924 2590 3990 leno
2615 3926 2974 4006 respondet

768 4045 835 4109 id
895 4045 1069 4127 quod
1132 4043 1261 4109 fert
1319 4044 1719 4126 primoribus
1780 4045 2000 4122 labriS,
2048 4046 2288 4127 quippe
2335 4046 2506 4128 quod
2553 4046 2730 4111 haud
2778 4046 2974 4112 dubie

768 4167 829 4232 ei
892 4183 1040 4232 raro
1086 4165 1472 4245 contigerit:
1530 4165 1741 4250 „quod
1788 4164 1884 4231 fui
1933 4167 2217 4242 iuratus,
2265 4167 2456 4233 feci.'’
2505 4166 2690 4232 Miles
2736 4171 2971 4234 autem

768 4286 983 4366 magis
1027 4289 1230 4367 atque
1269 4285 1483 4365 magis
1519 4286 1828 4351 irritatus
1867 4303 2080 4368 neque
2118 4288 2438 4354 nimirum
2477 4289 2734 4355 lenonis
2773 4289 2971 4354 iusiu-

767 4408 1054 4472 randum
1092 4409 1444 4488 quicquam
1484 4424 1750 4484 curanS,
1787 4408 1950 4488 quin
1989 4409 2198 4474 etiam
2231 4408 2340 4475 illo
2367 4415 2736 4476 memorato
2761 4410 2970 4475 etiam
