<?xml version="1.0" encoding="UTF-8"?>
<!DOCTYPE html PUBLIC "-//W3C//DTD XHTML 1.0 Transitional//EN"
    "http://www.w3.org/TR/xhtml1/DTD/xhtml1-transitional.dtd">
<html xmlns="http://www.w3.org/1999/xhtml" xml:lang="en" lang="en">
 <head>
  <title>
</title>
<meta http-equiv="Content-Type" content="text/html;charset=utf-8" />
  <meta name='ocr-system' content='tesseract 3.04.00' />
  <meta name='ocr-capabilities' content='ocr_page ocr_carea ocr_par ocr_line ocrx_word'/>
</head>
<body>
  <div class='ocr_page' id='page_1' title='image "./deplauticurculi00unkngoog_0022.png"; bbox 0 0 3450 5350; ppageno 0'>
   <div class='ocr_carea' id='block_1_1' title="bbox 1850 607 1933 672">
    <p class='ocr_par' dir='ltr' id='par_1_1' title="bbox 1850 607 1933 672">
     <span class='ocr_line' id='line_1_1' title="bbox 1850 607 1933 672; baseline 0.048 -4"><span class='ocrx_word' id='word_1_1' title='bbox 1850 607 1933 672; x_wconf 90' lang='lat'>10</span> 
     </span>
    </p>
   </div>
   <div class='ocr_carea' id='block_1_2' title="bbox 785 783 2987 3059">
    <p class='ocr_par' dir='ltr' id='par_1_2' title="bbox 785 783 2987 1838">
     <span class='ocr_line' id='line_1_2' title="bbox 787 783 2987 871; baseline 0.004 -23"><span class='ocrx_word' id='word_1_2' title='bbox 787 783 968 849; x_wconf 90' lang='lat' dir='ltr'>nullo</span> <span class='ocrx_word' id='word_1_3' title='bbox 1031 784 1224 850; x_wconf 89' lang='lat' dir='ltr'>modo</span> <span class='ocrx_word' id='word_1_4' title='bbox 1286 786 1601 868; x_wconf 83' lang='lat' dir='ltr'>explicari</span> <span class='ocrx_word' id='word_1_5' title='bbox 1661 788 1823 854; x_wconf 90' lang='lat' dir='ltr'>illud</span> <span class='ocrx_word' id='word_1_6' title='bbox 1886 793 2131 871; x_wconf 88' lang='lat' dir='ltr'>potest.</span> <span class='ocrx_word' id='word_1_7' title='bbox 2196 790 2379 871; x_wconf 80' lang='lat' dir='ltr'>Quod</span> <span class='ocrx_word' id='word_1_8' title='bbox 2441 791 2620 856; x_wconf 90' lang='lat' dir='ltr'>enim</span> <span class='ocrx_word' id='word_1_9' title='bbox 2684 791 2861 855; x_wconf 79' lang='lat' dir='ltr'>Bmx</span> <span class='ocrx_word' id='word_1_10' title='bbox 2902 792 2987 857; x_wconf 89' lang='lat' dir='ltr'>ad</span> 
     </span>
     <span class='ocr_line' id='line_1_3' title="bbox 787 905 2981 994; baseline 0.004 -25"><span class='ocrx_word' id='word_1_11' title='bbox 787 905 918 970; x_wconf 91' lang='lat' dir='ltr'>Mil.</span> <span class='ocrx_word' id='word_1_12' title='bbox 973 907 1098 971; x_wconf 87' lang='grc'>162</span> <span class='ocrx_word' id='word_1_13' title='bbox 1139 911 1453 973; x_wconf 86' lang='lat' dir='ltr'>nostrum</span> <span class='ocrx_word' id='word_1_14' title='bbox 1490 906 1707 975; x_wconf 92' lang='lat' dir='ltr'>locum</span> <span class='ocrx_word' id='word_1_15' title='bbox 1746 910 1992 993; x_wconf 82' lang='lat' dir='ltr'>laudat,</span> <span class='ocrx_word' id='word_1_16' title='bbox 2020 929 2238 994; x_wconf 80' lang='lat' dir='ltr'>neque</span> <span class='ocrx_word' id='word_1_17' title='bbox 2276 912 2508 977; x_wconf 89' lang='lat' dir='ltr'>Militis</span> <span class='ocrx_word' id='word_1_18' title='bbox 2544 912 2731 977; x_wconf 89' lang='lat' dir='ltr'>locus</span> <span class='ocrx_word' id='word_1_19' title='bbox 2769 929 2981 994; x_wconf 89' lang='lat' dir='ltr'>neque</span> 
     </span>
     <span class='ocr_line' id='line_1_4' title="bbox 785 1025 2980 1103; baseline 0.005 -12"><span class='ocrx_word' id='word_1_20' title='bbox 785 1028 986 1093; x_wconf 87' lang='lat' dir='ltr'>ceteri</span> <span class='ocrx_word' id='word_1_21' title='bbox 1045 1025 1164 1093; x_wconf 89' lang='lat' dir='ltr'>loci</span> <span class='ocrx_word' id='word_1_22' title='bbox 1230 1029 1321 1094; x_wconf 92' lang='lat' dir='ltr'>ibi</span> <span class='ocrx_word' id='word_1_23' title='bbox 1383 1030 1569 1095; x_wconf 85' lang='lat' dir='ltr'>allati</span> <span class='ocrx_word' id='word_1_24' title='bbox 1613 1033 1695 1096; x_wconf 88' lang='lat' dir='ltr'>ad</span> <span class='ocrx_word' id='word_1_25' title='bbox 1746 1037 2057 1098; x_wconf 87' lang='lat' dir='ltr'>nostrum</span> <span class='ocrx_word' id='word_1_26' title='bbox 2106 1051 2378 1099; x_wconf 89' lang='lat' dir='ltr'>versum</span> <span class='ocrx_word' id='word_1_27' title='bbox 2426 1034 2703 1099; x_wconf 87' lang='lat' dir='ltr'>faciunt.</span> <span class='ocrx_word' id='word_1_28' title='bbox 2754 1034 2980 1103; x_wconf 84' lang='lat' dir='ltr'>Mente</span> 
     </span>
     <span class='ocr_line' id='line_1_5' title="bbox 785 1146 2976 1239; baseline 0.005 -27"><span class='ocrx_word' id='word_1_29' title='bbox 785 1146 1091 1229; x_wconf 84' lang='lat' dir='ltr'>supplere</span> <span class='ocrx_word' id='word_1_30' title='bbox 1138 1150 1288 1216; x_wconf 88' lang='lat' dir='ltr'>vult</span> <span class='ocrx_word' id='word_1_31' title='bbox 1333 1153 1440 1216; x_wconf 85' lang='lat' dir='ltr'>vir</span> <span class='ocrx_word' id='word_1_32' title='bbox 1484 1153 1756 1219; x_wconf 88' lang='lat' dir='ltr'>doctus:</span> <span class='ocrx_word' id='word_1_33' title='bbox 1812 1157 1969 1239; x_wconf 88' lang='lat' dir='ltr'>„das</span> <span class='ocrx_word' id='word_1_34' title='bbox 2016 1154 2208 1221; x_wconf 77' lang='lat' dir='ltr'>sollte</span> <span class='ocrx_word' id='word_1_35' title='bbox 2254 1156 2359 1220; x_wconf 90' lang='lat' dir='ltr'>ich</span> <span class='ocrx_word' id='word_1_36' title='bbox 2409 1155 2649 1222; x_wconf 87' lang='lat' dir='ltr'>dulden</span> <span class='ocrx_word' id='word_1_37' title='bbox 2668 1156 2745 1220; x_wconf 78' lang='lat'>?”</span> <span class='ocrx_word' id='word_1_38' title='bbox 2794 1156 2976 1236; x_wconf 79' lang='lat' dir='ltr'>Quod</span> 
     </span>
     <span class='ocr_line' id='line_1_6' title="bbox 785 1270 2977 1356; baseline 0.005 -23"><span class='ocrx_word' id='word_1_39' title='bbox 785 1270 841 1334; x_wconf 87' lang='lat' dir='ltr'>si</span> <span class='ocrx_word' id='word_1_40' title='bbox 881 1271 1332 1355; x_wconf 80' lang='lat' dir='ltr'>probaremus,</span> <span class='ocrx_word' id='word_1_41' title='bbox 1373 1275 1621 1340; x_wconf 89' lang='lat' dir='ltr'>diceret</span> <span class='ocrx_word' id='word_1_42' title='bbox 1657 1276 2110 1342; x_wconf 87' lang='lat' dir='ltr'>Phaedromus</span> <span class='ocrx_word' id='word_1_43' title='bbox 2148 1294 2221 1341; x_wconf 90' lang='lat' dir='ltr'>se</span> <span class='ocrx_word' id='word_1_44' title='bbox 2256 1293 2390 1341; x_wconf 90' lang='lat' dir='ltr'>non</span> <span class='ocrx_word' id='word_1_45' title='bbox 2431 1293 2788 1356; x_wconf 88' lang='lat' dir='ltr'>passurum</span> <span class='ocrx_word' id='word_1_46' title='bbox 2829 1295 2977 1343; x_wconf 89' lang='lat' dir='ltr'>esse</span> 
     </span>
     <span class='ocr_line' id='line_1_7' title="bbox 785 1394 2979 1480; baseline 0.005 -26"><span class='ocrx_word' id='word_1_47' title='bbox 785 1408 1058 1457; x_wconf 87' lang='lat' dir='ltr'>servum</span> <span class='ocrx_word' id='word_1_48' title='bbox 1101 1394 1227 1458; x_wconf 90' lang='lat' dir='ltr'>sibi</span> <span class='ocrx_word' id='word_1_49' title='bbox 1266 1412 1641 1462; x_wconf 89' lang='lat' dir='ltr'>sermonem</span> <span class='ocrx_word' id='word_1_50' title='bbox 1681 1415 1919 1477; x_wconf 83' lang='lat' dir='ltr'>serere,</span> <span class='ocrx_word' id='word_1_51' title='bbox 1945 1399 2116 1479; x_wconf 90' lang='lat' dir='ltr'>quod</span> <span class='ocrx_word' id='word_1_52' title='bbox 2154 1415 2391 1463; x_wconf 84' lang='lat' dir='ltr'>verum</span> <span class='ocrx_word' id='word_1_53' title='bbox 2425 1414 2573 1463; x_wconf 88' lang='lat' dir='ltr'>esse</span> <span class='ocrx_word' id='word_1_54' title='bbox 2616 1415 2743 1463; x_wconf 92' lang='lat' dir='ltr'>non</span> <span class='ocrx_word' id='word_1_55' title='bbox 2784 1416 2979 1480; x_wconf 89' lang='lat' dir='ltr'>posse</span> 
     </span>
     <span class='ocr_line' id='line_1_8' title="bbox 785 1512 2977 1601; baseline 0.005 -25"><span class='ocrx_word' id='word_1_56' title='bbox 785 1512 1039 1595; x_wconf 87' lang='lat' dir='ltr'>elucet;</span> <span class='ocrx_word' id='word_1_57' title='bbox 1081 1515 1531 1583; x_wconf 87' lang='lat' dir='ltr'>Phaedromus</span> <span class='ocrx_word' id='word_1_58' title='bbox 1571 1536 1704 1584; x_wconf 90' lang='lat' dir='ltr'>non</span> <span class='ocrx_word' id='word_1_59' title='bbox 1744 1519 2001 1601; x_wconf 90' lang='lat' dir='ltr'>patitur</span> <span class='ocrx_word' id='word_1_60' title='bbox 2032 1535 2307 1585; x_wconf 88' lang='lat' dir='ltr'>servum</span> <span class='ocrx_word' id='word_1_61' title='bbox 2331 1518 2574 1583; x_wconf 87' lang='lat' dir='ltr'>talem</span> <span class='ocrx_word' id='word_1_62' title='bbox 2598 1536 2977 1586; x_wconf 91' lang='lat' dir='ltr'>sermonem</span> 
     </span>
     <span class='ocr_line' id='line_1_9' title="bbox 785 1634 2977 1720; baseline 0.004 -21"><span class='ocrx_word' id='word_1_63' title='bbox 785 1634 1112 1720; x_wconf 86' lang='lat' dir='ltr'>adhibere,</span> <span class='ocrx_word' id='word_1_64' title='bbox 1163 1637 1340 1719; x_wconf 84' lang='lat' dir='ltr'>quali</span> <span class='ocrx_word' id='word_1_65' title='bbox 1387 1641 1621 1706; x_wconf 85' lang='lat' dir='ltr'>utitur.</span> <span class='ocrx_word' id='word_1_66' title='bbox 1668 1641 1962 1707; x_wconf 82' lang='lat' dir='ltr'>Eandem</span> <span class='ocrx_word' id='word_1_67' title='bbox 1996 1645 2079 1709; x_wconf 92' lang='lat' dir='ltr'>ob</span> <span class='ocrx_word' id='word_1_68' title='bbox 2114 1661 2390 1711; x_wconf 85' lang='lat' dir='ltr'>causam</span> <span class='ocrx_word' id='word_1_69' title='bbox 2427 1645 2833 1712; x_wconf 83' lang='lat' dir='ltr'>reiciendum</span> <span class='ocrx_word' id='word_1_70' title='bbox 2873 1646 2977 1708; x_wconf 81' lang='lat' dir='ltr'>est</span> 
     </span>
     <span class='ocr_line' id='line_1_10' title="bbox 786 1758 1538 1838; baseline 0.004 -16"><span class='ocrx_word' id='word_1_71' title='bbox 786 1758 957 1838; x_wconf 88' lang='lat' dir='ltr'>quod</span> <span class='ocrx_word' id='word_1_72' title='bbox 1004 1759 1154 1823; x_wconf 90' lang='lat' dir='ltr'>vult</span> <span class='ocrx_word' id='word_1_73' title='bbox 1201 1759 1538 1826; x_wconf 74' lang='lat' dir='ltr'>ScHoELL:</span> 
     </span>
    </p>

    <p class='ocr_par' dir='ltr' id='par_1_3' title="bbox 973 1881 2981 2086">
     <span class='ocr_line' id='line_1_11' title="bbox 973 1881 2981 1968; baseline 0.004 -23"><span class='ocrx_word' id='word_1_74' title='bbox 973 1881 1250 1955; x_wconf 90' lang='lat' dir='ltr'>&lt;PA.&gt;</span> <span class='ocrx_word' id='word_1_75' title='bbox 1281 1883 1463 1963; x_wconf 79' lang='lat' dir='ltr'>Quod</span> <span class='ocrx_word' id='word_1_76' title='bbox 1502 1884 1775 1964; x_wconf 88' lang='lat' dir='ltr'>quidem</span> <span class='ocrx_word' id='word_1_77' title='bbox 1811 1923 1873 1931; x_wconf 96' lang='lat'><strong>—</strong></span> <span class='ocrx_word' id='word_1_78' title='bbox 1918 1885 2183 1959; x_wconf 89' lang='lat' dir='ltr'>&lt;PL.&gt;</span> <span class='ocrx_word' id='word_1_79' title='bbox 2215 1885 2370 1952; x_wconf 86' lang='lat' dir='ltr'><strong>Mihi</strong></span> <span class='ocrx_word' id='word_1_80' title='bbox 2408 1888 2741 1967; x_wconf 88' lang='lat' dir='ltr'>polluctus</span> <span class='ocrx_word' id='word_1_81' title='bbox 2772 1887 2981 1968; x_wconf 86' lang='lat' dir='ltr'>virgis</span> 
     </span>
     <span class='ocr_line' id='line_1_12' title="bbox 1211 2008 2865 2086; baseline -0.001 -14"><span class='ocrx_word' id='word_1_82' title='bbox 1211 2053 1218 2060; x_wconf 89' lang='lat'><em>-</em></span> <span class='ocrx_word' id='word_1_83' title='bbox 1916 2012 2167 2086; x_wconf 89' lang='lat' dir='ltr'>[servos</span> <span class='ocrx_word' id='word_1_84' title='bbox 2212 2024 2589 2074; x_wconf 89' lang='lat' dir='ltr'>sermonem</span> <span class='ocrx_word' id='word_1_85' title='bbox 2634 2011 2816 2074; x_wconf 89' lang='lat' dir='ltr'>serat</span> <span class='ocrx_word' id='word_1_86' title='bbox 2830 2008 2865 2071; x_wconf 70' lang='grc' dir='ltr'>ἰ)</span> 
     </span>
    </p>

    <p class='ocr_par' dir='ltr' id='par_1_4' title="bbox 968 2127 1691 2209">
     <span class='ocr_line' id='line_1_13' title="bbox 968 2127 1691 2209; baseline -0.014 -8"><span class='ocrx_word' id='word_1_87' title='bbox 968 2127 1248 2201; x_wconf 89' lang='grc' dir='ltr'>&lt;ΡΗ.&gt;</span> <span class='ocrx_word' id='word_1_88' title='bbox 1278 2130 1376 2193; x_wconf 91' lang='lat' dir='ltr'>At</span> <span class='ocrx_word' id='word_1_89' title='bbox 1419 2145 1477 2194; x_wconf 92' lang='lat' dir='ltr'>e.</span> <span class='ocrx_word' id='word_1_90' title='bbox 1525 2145 1588 2209; x_wconf 88' lang='lat' dir='ltr'>q.</span> <span class='ocrx_word' id='word_1_91' title='bbox 1637 2146 1691 2194; x_wconf 91' lang='lat' dir='ltr'>s.</span> 
     </span>
    </p>

    <p class='ocr_par' dir='ltr' id='par_1_5' title="bbox 876 2249 2617 2332">
     <span class='ocr_line' id='line_1_14' title="bbox 876 2249 2617 2332; baseline 0.001 -20"><span class='ocrx_word' id='word_1_92' title='bbox 876 2249 1162 2313; x_wconf 90' lang='lat' dir='ltr'>Omnino</span> <span class='ocrx_word' id='word_1_93' title='bbox 1209 2266 1577 2314; x_wconf 77' lang='lat' dir='ltr'>sermonem</span> <span class='ocrx_word' id='word_1_94' title='bbox 1623 2250 1883 2331; x_wconf 83' lang='lat' dir='ltr'>aliquod</span> <span class='ocrx_word' id='word_1_95' title='bbox 1930 2249 2209 2332; x_wconf 76' lang='lat' dir='ltr'>requirit</span> <span class='ocrx_word' id='word_1_96' title='bbox 2254 2251 2617 2332; x_wconf 79' lang='lat' dir='ltr'>epitheton.</span> 
     </span>
    </p>

    <p class='ocr_par' dir='ltr' id='par_1_6' title="bbox 786 2368 2985 3059">
     <span class='ocr_line' id='line_1_15' title="bbox 878 2368 2981 2453; baseline 0.001 -19"><span class='ocrx_word' id='word_1_97' title='bbox 878 2368 1098 2434; x_wconf 87' lang='lat' dir='ltr'>Nimis</span> <span class='ocrx_word' id='word_1_98' title='bbox 1143 2369 1417 2435; x_wconf 87' lang='lat' dir='ltr'>audacia</span> <span class='ocrx_word' id='word_1_99' title='bbox 1457 2374 1619 2436; x_wconf 90' lang='lat' dir='ltr'>sunt</span> <span class='ocrx_word' id='word_1_100' title='bbox 1657 2388 1826 2452; x_wconf 90' lang='lat' dir='ltr'>quae</span> <span class='ocrx_word' id='word_1_101' title='bbox 1862 2371 2288 2437; x_wconf 86' lang='lat' dir='ltr'>coniecerunt</span> <span class='ocrx_word' id='word_1_102' title='bbox 2323 2371 2580 2438; x_wconf 75' lang='lat' dir='ltr'>Ussmo</span> <span class='ocrx_word' id='word_1_103' title='bbox 2619 2375 2689 2438; x_wconf 95' lang='lat' dir='ltr'>et</span> <span class='ocrx_word' id='word_1_104' title='bbox 2728 2371 2981 2453; x_wconf 72' lang='lat' dir='ltr'>Gon&#39;rz3</span> 
     </span>
     <span class='ocr_line' id='line_1_16' title="bbox 786 2491 2979 2574; baseline 0.001 -18"><span class='ocrx_word' id='word_1_105' title='bbox 786 2491 893 2556; x_wconf 91' lang='lat' dir='ltr'>ille</span> <span class='ocrx_word' id='word_1_106' title='bbox 963 2491 1194 2558; x_wconf 80' lang='lat' dir='ltr'>scribit</span> <span class='ocrx_word' id='word_1_107' title='bbox 1263 2494 1457 2556; x_wconf 81' lang='lat' dir='ltr'>talem</span> <span class='ocrx_word' id='word_1_108' title='bbox 1526 2510 1644 2573; x_wconf 92' lang='lat' dir='ltr'>pro</span> <span class='ocrx_word' id='word_1_109' title='bbox 1717 2493 1891 2573; x_wconf 78' lang='lat' dir='ltr'>quod</span> <span class='ocrx_word' id='word_1_110' title='bbox 1959 2494 2245 2574; x_wconf 79' lang='lat' dir='ltr'>quidem,</span> <span class='ocrx_word' id='word_1_111' title='bbox 2317 2493 2423 2558; x_wconf 88' lang='lat' dir='ltr'>hic</span> <span class='ocrx_word' id='word_1_112' title='bbox 2484 2493 2647 2574; x_wconf 78' lang='lat' dir='ltr'>quid</span> <span class='ocrx_word' id='word_1_113' title='bbox 2662 2495 2693 2556; x_wconf 75' lang='lat'><em>?</em></span> <span class='ocrx_word' id='word_1_114' title='bbox 2752 2494 2979 2559; x_wconf 74' lang='lat' dir='ltr'>istum.</span> 
     </span>
     <span class='ocr_line' id='line_1_17' title="bbox 787 2612 2985 2696; baseline -0 -16"><span class='ocrx_word' id='word_1_115' title='bbox 787 2614 1045 2681; x_wconf 91' lang='lat' dir='ltr'>Verum</span> <span class='ocrx_word' id='word_1_116' title='bbox 1104 2612 1241 2679; x_wconf 87' lang='lat' dir='ltr'>iam</span> <span class='ocrx_word' id='word_1_117' title='bbox 1301 2613 1556 2679; x_wconf 90' lang='lat' dir='ltr'>dudum</span> <span class='ocrx_word' id='word_1_118' title='bbox 1617 2616 1955 2696; x_wconf 86' lang='lat' dir='ltr'>repertum</span> <span class='ocrx_word' id='word_1_119' title='bbox 2012 2616 2119 2679; x_wconf 89' lang='lat' dir='ltr'>est</span> <span class='ocrx_word' id='word_1_120' title='bbox 2164 2613 2363 2695; x_wconf 90' lang='lat' dir='ltr'>idque</span> <span class='ocrx_word' id='word_1_121' title='bbox 2407 2631 2447 2679; x_wconf 89' lang='lat' dir='ltr'>a</span> <span class='ocrx_word' id='word_1_122' title='bbox 2492 2612 2823 2690; x_wconf 77' lang='lat' dir='ltr'>LAMBmo,</span> <span class='ocrx_word' id='word_1_123' title='bbox 2870 2613 2985 2695; x_wconf 90' lang='lat' dir='ltr'>qui</span> 
     </span>
     <span class='ocr_line' id='line_1_18' title="bbox 789 2736 2983 2819; baseline 0 -18"><span class='ocrx_word' id='word_1_124' title='bbox 789 2737 962 2819; x_wconf 79' lang='lat' dir='ltr'>quod</span> <span class='ocrx_word' id='word_1_125' title='bbox 1021 2736 1318 2802; x_wconf 83' lang='lat' dir='ltr'>mutavit</span> <span class='ocrx_word' id='word_1_126' title='bbox 1381 2736 1450 2800; x_wconf 92' lang='lat' dir='ltr'>in</span> <span class='ocrx_word' id='word_1_127' title='bbox 1514 2753 1725 2817; x_wconf 82' lang='lat' dir='ltr'>quem.</span> <span class='ocrx_word' id='word_1_128' title='bbox 1795 2737 2027 2817; x_wconf 76' lang='lat' dir='ltr'>‘Quem</span> <span class='ocrx_word' id='word_1_129' title='bbox 2077 2736 2365 2817; x_wconf 88' lang='lat' dir='ltr'>quidem’</span> <span class='ocrx_word' id='word_1_130' title='bbox 2414 2736 2687 2816; x_wconf 88' lang='lat' dir='ltr'>ponitur</span> <span class='ocrx_word' id='word_1_131' title='bbox 2730 2753 2847 2818; x_wconf 94' lang='lat' dir='ltr'>pro</span> <span class='ocrx_word' id='word_1_132' title='bbox 2894 2741 2983 2801; x_wconf 86' lang='lat' dir='ltr'>‘et</span> 
     </span>
     <span class='ocr_line' id='line_1_19' title="bbox 787 2856 2982 2939; baseline 0 -17"><span class='ocrx_word' id='word_1_133' title='bbox 787 2858 965 2923; x_wconf 90' lang='lat' dir='ltr'>hunc</span> <span class='ocrx_word' id='word_1_134' title='bbox 1012 2857 1320 2939; x_wconf 88' lang='lat' dir='ltr'>quidem’.</span> <span class='ocrx_word' id='word_1_135' title='bbox 1369 2856 1464 2922; x_wconf 83' lang='lat' dir='ltr'>cf.</span> <span class='ocrx_word' id='word_1_136' title='bbox 1514 2857 1698 2938; x_wconf 88' lang='lat' dir='ltr'>Epid.</span> <span class='ocrx_word' id='word_1_137' title='bbox 1745 2857 1892 2937; x_wconf 82' lang='lat'>121,</span> <span class='ocrx_word' id='word_1_138' title='bbox 1936 2857 2127 2938; x_wconf 85' lang='lat' dir='ltr'>Capt.</span> <span class='ocrx_word' id='word_1_139' title='bbox 2175 2858 2319 2939; x_wconf 90' lang='grc'>102,</span> <span class='ocrx_word' id='word_1_140' title='bbox 2364 2857 2600 2922; x_wconf 81' lang='lat' dir='ltr'>Bacch.</span> <span class='ocrx_word' id='word_1_141' title='bbox 2632 2859 2783 2921; x_wconf 88' lang='grc'>241.</span> <span class='ocrx_word' id='word_1_142' title='bbox 2835 2857 2982 2923; x_wconf 89' lang='lat' dir='ltr'>Non</span> 
     </span>
     <span class='ocr_line' id='line_1_20' title="bbox 787 2978 2845 3059; baseline -0 -16"><span class='ocrx_word' id='word_1_143' title='bbox 787 2982 1016 3044; x_wconf 89' lang='lat' dir='ltr'>autem</span> <span class='ocrx_word' id='word_1_144' title='bbox 1064 2996 1232 3059; x_wconf 90' lang='lat' dir='ltr'>opus</span> <span class='ocrx_word' id='word_1_145' title='bbox 1277 2981 1384 3043; x_wconf 89' lang='lat' dir='ltr'>est</span> <span class='ocrx_word' id='word_1_146' title='bbox 1431 2996 1586 3044; x_wconf 92' lang='lat' dir='ltr'>cum</span> <span class='ocrx_word' id='word_1_147' title='bbox 1631 2978 1941 3045; x_wconf 74' lang='lat' dir='ltr'>LAMBmo</span> <span class='ocrx_word' id='word_1_148' title='bbox 1989 2995 2263 3043; x_wconf 87' lang='lat' dir='ltr'>versum</span> <span class='ocrx_word' id='word_1_149' title='bbox 2311 2978 2469 3045; x_wconf 86' lang='lat' dir='ltr'>dare</span> <span class='ocrx_word' id='word_1_150' title='bbox 2521 2978 2845 3043; x_wconf 88' lang='lat' dir='ltr'>Planesio.</span> 
     </span>
    </p>
   </div>
   <div class='ocr_carea' id='block_1_3' title="bbox 788 3202 3007 4272">
    <p class='ocr_par' dir='ltr' id='par_1_7' title="bbox 788 3202 3007 4272">
     <span class='ocr_line' id='line_1_21' title="bbox 877 3202 2985 3303; baseline 0.001 -20"><span class='ocrx_word' id='word_1_151' title='bbox 877 3238 981 3286; x_wconf 87' lang='lat' dir='ltr'>vs.</span> <span class='ocrx_word' id='word_1_152' title='bbox 1030 3222 1181 3286; x_wconf 88' lang='grc'>200.</span> <span class='ocrx_word' id='word_1_153' title='bbox 1244 3221 1696 3287; x_wconf 86' lang='lat' dir='ltr'>Phaedromus</span> <span class='ocrx_word' id='word_1_154' title='bbox 1758 3222 1840 3287; x_wconf 92' lang='lat' dir='ltr'>ob</span> <span class='ocrx_word' id='word_1_155' title='bbox 1898 3202 2269 3294; x_wconf 85' lang='lat' dir='ltr'>maledicta,</span> <span class='ocrx_word' id='word_1_156' title='bbox 2318 3221 2557 3303; x_wconf 87' lang='lat' dir='ltr'>quibus</span> <span class='ocrx_word' id='word_1_157' title='bbox 2602 3220 2800 3302; x_wconf 91' lang='lat' dir='ltr'>petiit</span> <span class='ocrx_word' id='word_1_158' title='bbox 2847 3219 2985 3285; x_wconf 86' lang='lat' dir='ltr'>Pla·</span> 
     </span>
     <span class='ocr_line' id='line_1_22' title="bbox 791 3342 2986 3421; baseline 0 -15"><span class='ocrx_word' id='word_1_159' title='bbox 791 3342 1072 3418; x_wconf 91' lang='lat' dir='ltr'>nesium‚</span> <span class='ocrx_word' id='word_1_160' title='bbox 1112 3343 1499 3409; x_wconf 86' lang='lat' dir='ltr'>verberibus</span> <span class='ocrx_word' id='word_1_161' title='bbox 1535 3344 1605 3408; x_wconf 90' lang='lat' dir='ltr'>in</span> <span class='ocrx_word' id='word_1_162' title='bbox 1646 3342 2038 3409; x_wconf 87' lang='lat' dir='ltr'>Palinurum</span> <span class='ocrx_word' id='word_1_163' title='bbox 2076 3343 2579 3409; x_wconf 84' lang='lat' dir='ltr'>animadvertit.</span> <span class='ocrx_word' id='word_1_164' title='bbox 2619 3342 2986 3421; x_wconf 86' lang='lat' dir='ltr'>Indignans</span> 
     </span>
     <span class='ocr_line' id='line_1_23' title="bbox 788 3464 1885 3531; baseline -0.002 -2"><span class='ocrx_word' id='word_1_165' title='bbox 788 3464 896 3531; x_wconf 90' lang='lat' dir='ltr'>hic</span> <span class='ocrx_word' id='word_1_166' title='bbox 940 3465 1275 3531; x_wconf 83' lang='lat' dir='ltr'>exclamat</span> <span class='ocrx_word' id='word_1_167' title='bbox 1321 3468 1390 3529; x_wconf 90' lang='lat' dir='ltr'>et</span> <span class='ocrx_word' id='word_1_168' title='bbox 1437 3464 1566 3530; x_wconf 85' lang='lat' dir='ltr'>alia</span> <span class='ocrx_word' id='word_1_169' title='bbox 1611 3468 1682 3530; x_wconf 86' lang='lat' dir='ltr'>et</span> <span class='ocrx_word' id='word_1_170' title='bbox 1730 3466 1885 3530; x_wconf 90' lang='lat' dir='ltr'>hoc:</span> 
     </span>
     <span class='ocr_line' id='line_1_24' title="bbox 969 3583 2983 3662; baseline -0.001 -12"><span class='ocrx_word' id='word_1_171' title='bbox 969 3585 1224 3651; x_wconf 86' lang='lat' dir='ltr'>Hocine</span> <span class='ocrx_word' id='word_1_172' title='bbox 1260 3585 1425 3662; x_wconf 87' lang='lat' dir='ltr'>fleri,</span> <span class='ocrx_word' id='word_1_173' title='bbox 1462 3589 1544 3651; x_wconf 84' lang='lat' dir='ltr'>ut</span> <span class='ocrx_word' id='word_1_174' title='bbox 1581 3586 1978 3651; x_wconf 85' lang='lat' dir='ltr'>inmodestis</span> <span class='ocrx_word' id='word_1_175' title='bbox 2016 3585 2124 3651; x_wconf 88' lang='lat' dir='ltr'>hic</span> <span class='ocrx_word' id='word_1_176' title='bbox 2160 3588 2231 3651; x_wconf 88' lang='lat' dir='ltr'>te</span> <span class='ocrx_word' id='word_1_177' title='bbox 2266 3584 2626 3650; x_wconf 88' lang='lat' dir='ltr'>modereris</span> <span class='ocrx_word' id='word_1_178' title='bbox 2658 3583 2983 3649; x_wconf 85' lang='lat' dir='ltr'>moribus!</span> 
     </span>
     <span class='ocr_line' id='line_1_25' title="bbox 880 3704 2985 3788; baseline -0 -18"><span class='ocrx_word' id='word_1_179' title='bbox 880 3705 988 3771; x_wconf 83' lang='lat' dir='ltr'>Sic</span> <span class='ocrx_word' id='word_1_180' title='bbox 1049 3724 1289 3772; x_wconf 88' lang='lat' dir='ltr'>versus</span> <span class='ocrx_word' id='word_1_181' title='bbox 1344 3708 1636 3773; x_wconf 87' lang='lat' dir='ltr'>traditus</span> <span class='ocrx_word' id='word_1_182' title='bbox 1682 3710 1787 3771; x_wconf 89' lang='lat' dir='ltr'>est</span> <span class='ocrx_word' id='word_1_183' title='bbox 1805 3728 1821 3788; x_wconf 89' lang='lat'>;</span> <span class='ocrx_word' id='word_1_184' title='bbox 1870 3706 1986 3771; x_wconf 90' lang='lat' dir='ltr'>sed</span> <span class='ocrx_word' id='word_1_185' title='bbox 2032 3724 2164 3773; x_wconf 94' lang='lat' dir='ltr'>non</span> <span class='ocrx_word' id='word_1_186' title='bbox 2213 3706 2429 3772; x_wconf 91' lang='lat' dir='ltr'>solum</span> <span class='ocrx_word' id='word_1_187' title='bbox 2476 3708 2771 3770; x_wconf 91' lang='lat' dir='ltr'>metrum</span> <span class='ocrx_word' id='word_1_188' title='bbox 2820 3704 2985 3769; x_wconf 86' lang='lat' dir='ltr'>clau-</span> 
     </span>
     <span class='ocr_line' id='line_1_26' title="bbox 790 3800 3007 3905; baseline -0.003 -12"><span class='ocrx_word' id='word_1_189' title='bbox 790 3828 986 3904; x_wconf 88' lang='lat' dir='ltr'>dicat,</span> <span class='ocrx_word' id='word_1_190' title='bbox 1043 3844 1281 3893; x_wconf 88' lang='lat' dir='ltr'>verum</span> <span class='ocrx_word' id='word_1_191' title='bbox 1327 3828 1534 3893; x_wconf 87' lang='lat' dir='ltr'>etiam</span> <span class='ocrx_word' id='word_1_192' title='bbox 1582 3829 1922 3894; x_wconf 87' lang='lat' dir='ltr'>sententia</span> <span class='ocrx_word' id='word_1_193' title='bbox 1970 3845 2104 3892; x_wconf 90' lang='lat' dir='ltr'>non</span> <span class='ocrx_word' id='word_1_194' title='bbox 2149 3831 2254 3893; x_wconf 87' lang='lat' dir='ltr'>est</span> <span class='ocrx_word' id='word_1_195' title='bbox 2298 3826 2578 3905; x_wconf 83' lang='lat' dir='ltr'>integra.</span> <span class='ocrx_word' id='word_1_196' title='bbox 2628 3825 2765 3890; x_wconf 86' lang='lat' dir='ltr'>Alii</span> <span class='ocrx_word' id='word_1_197' title='bbox 2809 3800 3007 3889; x_wconf 40' lang='lat' dir='ltr'>aliud*</span> 
     </span>
     <span class='ocr_line' id='line_1_27' title="bbox 789 3946 2985 4033; baseline -0.002 -19"><span class='ocrx_word' id='word_1_198' title='bbox 789 3952 1163 4015; x_wconf 87' lang='lat' dir='ltr'>tentarunt.</span> <span class='ocrx_word' id='word_1_199' title='bbox 1211 3949 1554 4014; x_wconf 66' lang='lat' dir='ltr'>San-num</span> <span class='ocrx_word' id='word_1_200' title='bbox 1583 3946 1634 4029; x_wconf 87' lang='lat'>¹)</span> <span class='ocrx_word' id='word_1_201' title='bbox 1679 3950 2098 4015; x_wconf 89' lang='lat' dir='ltr'>dubitanter:</span> <span class='ocrx_word' id='word_1_202' title='bbox 2152 3948 2423 4033; x_wconf 88' lang='lat' dir='ltr'>„hocine</span> <span class='ocrx_word' id='word_1_203' title='bbox 2462 3947 2623 4023; x_wconf 89' lang='lat' dir='ltr'>fieri,</span> <span class='ocrx_word' id='word_1_204' title='bbox 2664 3949 2744 4011; x_wconf 83' lang='lat' dir='ltr'>ut</span> <span class='ocrx_word' id='word_1_205' title='bbox 2779 3947 2985 4010; x_wconf 89' lang='lat' dir='ltr'>inmo·</span> 
     </span>
     <span class='ocr_line' id='line_1_28' title="bbox 790 4068 2983 4152; baseline -0.001 -19"><span class='ocrx_word' id='word_1_206' title='bbox 790 4069 1003 4134; x_wconf 85' lang='lat' dir='ltr'>destis</span> <span class='ocrx_word' id='word_1_207' title='bbox 1043 4070 1208 4134; x_wconf 87' lang='lat' dir='ltr'>tuis</span> <span class='ocrx_word' id='word_1_208' title='bbox 1251 4070 1606 4135; x_wconf 87' lang='lat' dir='ltr'>modereris</span> <span class='ocrx_word' id='word_1_209' title='bbox 1646 4070 1941 4135; x_wconf 85' lang='lat' dir='ltr'>moribus</span> <span class='ocrx_word' id='word_1_210' title='bbox 1959 4068 2036 4135; x_wconf 83' lang='lat'>‘?”</span> <span class='ocrx_word' id='word_1_211' title='bbox 2080 4070 2299 4136; x_wconf 72' lang='lat' dir='ltr'>Gon&#39;rz</span> <span class='ocrx_word' id='word_1_212' title='bbox 2332 4068 2634 4150; x_wconf 84' lang='lat' dir='ltr'>scripsit:</span> <span class='ocrx_word' id='word_1_213' title='bbox 2667 4068 2983 4152; x_wconf 91' lang='lat' dir='ltr'>„potine</span> 
     </span>
     <span class='ocr_line' id='line_1_29' title="bbox 789 4188 2987 4272; baseline 0.001 -18"><span class='ocrx_word' id='word_1_214' title='bbox 789 4190 933 4255; x_wconf 87' lang='lat' dir='ltr'>fleri</span> <span class='ocrx_word' id='word_1_215' title='bbox 970 4193 1050 4256; x_wconf 84' lang='lat' dir='ltr'>ut</span> <span class='ocrx_word' id='word_1_216' title='bbox 1086 4190 1479 4257; x_wconf 87' lang='lat' dir='ltr'>inmodestis</span> <span class='ocrx_word' id='word_1_217' title='bbox 1502 4191 1671 4256; x_wconf 89' lang='lat' dir='ltr'>tuis</span> <span class='ocrx_word' id='word_1_218' title='bbox 1692 4192 2049 4258; x_wconf 86' lang='lat' dir='ltr'>modereris</span> <span class='ocrx_word' id='word_1_219' title='bbox 2072 4191 2369 4257; x_wconf 90' lang='lat' dir='ltr'>moribus</span> <span class='ocrx_word' id='word_1_220' title='bbox 2380 4190 2458 4255; x_wconf 81' lang='lat'>‘?”</span> <span class='ocrx_word' id='word_1_221' title='bbox 2484 4190 2714 4256; x_wconf 76' lang='lat' dir='ltr'>Potine</span> <span class='ocrx_word' id='word_1_222' title='bbox 2737 4188 2987 4272; x_wconf 85' lang='lat' dir='ltr'>recepit</span> 
     </span>
    </p>
   </div>
   <div class='ocr_carea' id='block_1_4' title="bbox 792 4357 986 4364">
    <p class='ocr_par' dir='ltr' id='par_1_8' title="bbox 792 4357 986 4364">
     <span class='ocr_line' id='line_1_30' title="bbox 792 4357 986 4364; baseline 0 0"><span class='ocrx_word' id='word_1_223' title='bbox 792 4357 986 4364; x_wconf 95' lang='lat' dir='ltr'> </span> 
     </span>
    </p>
   </div>
   <div class='ocr_carea' id='block_1_5' title="bbox 989 4357 1183 4364">
    <p class='ocr_par' dir='ltr' id='par_1_9' title="bbox 989 4357 1183 4364">
     <span class='ocr_line' id='line_1_31' title="bbox 989 4357 1183 4364; baseline 0 0"><span class='ocrx_word' id='word_1_224' title='bbox 989 4357 1183 4364; x_wconf 95' lang='lat' dir='ltr'> </span> 
     </span>
    </p>
   </div>
   <div class='ocr_carea' id='block_1_6' title="bbox 864 4442 1610 4518">
    <p class='ocr_par' dir='ltr' id='par_1_10' title="bbox 864 4442 1610 4518">
     <span class='ocr_line' id='line_1_32' title="bbox 864 4442 1610 4518; baseline 0 -18"><span class='ocrx_word' id='word_1_225' title='bbox 864 4448 920 4515; x_wconf 91' lang='lat'>1)</span> <span class='ocrx_word' id='word_1_226' title='bbox 957 4442 1262 4517; x_wconf 82' lang='lat' dir='ltr'>Philologus</span> <span class='ocrx_word' id='word_1_227' title='bbox 1300 4444 1365 4499; x_wconf 84' lang='lat'>29</span> <span class='ocrx_word' id='word_1_228' title='bbox 1403 4462 1452 4518; x_wconf 89' lang='lat' dir='ltr'>p.</span> <span class='ocrx_word' id='word_1_229' title='bbox 1491 4446 1610 4500; x_wconf 81' lang='lat'>387.</span> 
     </span>
    </p>
   </div>
  </div>
 </body>
</html>
