3450 5350
1305 1477 1679 1561 CAPUT
1743 1478 1844 1563 X.

1016 1948 1121 2014 De
1168 1946 1607 2039 Curculionis
1652 1950 1812 2016 actu
1858 1950 2133 2031 quarto.

571 2152 671 2199 vs.
719 2134 871 2199 488.
921 2135 1146 2200 Rebus
1189 2135 1379 2201 intus
1422 2136 1707 2217 peractis
1755 2125 2058 2201 Curculio
2105 2136 2456 2218 Cappadox
2494 2136 2674 2219 Lyco

476 2254 656 2321 foras
718 2256 1097 2337 procedunt.
1164 2256 1463 2322 Curculio
1525 2258 1851 2336 virginem
1915 2275 2143 2324 secum
2203 2259 2492 2337 abducit,
2541 2276 2672 2341 qua

478 2378 732 2459 praeire
779 2377 983 2455 iussa,
1031 2378 1114 2444 ad
1158 2378 1465 2444 lenonem
1513 2396 1585 2447 se
1632 2379 1738 2444 his
1782 2380 2120 2445 convertit
2167 2381 2421 2445 verbis:

660 2500 746 2566 Et
784 2517 1026 2567 aurum
1064 2506 1134 2566 et
1180 2505 1443 2568 vestem
1487 2517 1759 2567 omnem
1795 2520 1990 2568 suam
2027 2519 2175 2569 esse
2212 2503 2432 2568 aiebat
2469 2519 2671 2584 quam

776 2628 783 2636 ‘
2057 2625 2245 2706 [haec
2287 2626 2580 2693 haberet.

571 2746 679 2813 Sic
722 2750 901 2813 certe
947 2747 1016 2812 in
1060 2747 1539 2813 recentioribus
1580 2750 1689 2813 est
1726 2748 2131 2814 editionibus
2141 2770 2158 2831 3
2201 2767 2404 2830 quam
2441 2753 2671 2816 autem

481 2869 860 2935 coniectura
918 2873 1025 2935 est
1087 2870 1533 2951 TAUBMANN1;
1599 2887 1760 2935 nam
1807 2869 1946 2935 cod.
1996 2871 2050 2934 B
2098 2870 2300 2936 habet
2351 2872 2669 2953 cuiquam

480 2991 784 3072 idemque
846 2990 899 3056 E
958 2993 1053 3068 (at
1115 3007 1318 3071 supra
1372 3008 1643 3056 versum
1690 3008 1782 3056 m.
1832 2991 1872 3055 3
1921 2993 2293 3074 quicquid);
2344 2992 2395 3056 F
2441 2996 2670 3058 autem

482 3116 554 3179 et
597 3113 797 3178 editio
843 3113 1153 3194 princeps
1196 3113 1529 3194 quicquid,
1577 3113 1748 3195 quod
1786 3113 1991 3180 etiam
2030 3114 2071 3180 J
2109 3113 2348 3180 habere
2385 3115 2673 3180 videtur.

484 3235 698 3316 Quam
740 3234 1092 3300 lectionem
1138 3234 1281 3300 iure
1326 3235 1655 3314 recepisse
1700 3234 2106 3302 GEPPERTUM
2149 3239 2332 3318 puto.
2381 3235 2452 3300 Si
2489 3235 2671 3300 enim

482 3354 764 3436 legimus
842 3374 1046 3438 quam
1126 3355 1282 3421 hae-c
1358 3341 1665 3438 haberets
1706 3358 1831 3422 hoc
1899 3356 2435 3423 additamentum
2503 3356 2673 3422 satis

484 3477 720 3544 inutile
799 3479 1085 3544 videtur.
1188 3476 1335 3543 Non
1412 3477 1588 3542 idem
1664 3477 1745 3542 de
1810 3479 2124 3560 quicquid
2191 3479 2349 3544 haec
2414 3477 2677 3543 haberet

484 3600 889 3667 censendum
951 3603 1078 3678 est,
1140 3600 1313 3681 quod
1371 3601 1586 3666 multo
1646 3604 1754 3666 est
1814 3601 2147 3666 efficacius
2191 3600 2674 3681 disertiusquet

485 3740 618 3788 11011
658 3723 875 3788 solum
911 3721 1192 3801 virginis
1227 3739 1470 3787 aurum
1506 3724 1578 3786 et
1616 3725 1879 3788 vestem
1919 3721 2152 3787 militis
2189 3737 2335 3787 esse
2371 3720 2674 3786 Curculio

481 3845 659 3920 dicit,
720 3845 837 3910 sed
896 3842 1204 3925 quicquid
1262 3859 1342 3909 ea
1384 3844 1648 3924 habeat,
1700 3842 1882 3909 nulla
1927 3860 2000 3908 re
2044 3845 2347 3923 excepta.
2395 3840 2675 3907 Accedit

480 3966 651 4050 quod
730 3967 1039 4047 corrupte
1118 3963 1443 4030 traditum
1526 3966 1838 4047 cuiquam
1913 3964 2128 4030 multo
2196 3961 2454 4030 facilius
2521 3961 2679 4027 oriri

483 4088 700 4171 potuit
780 4103 866 4152 ex
946 4086 1263 4168 quicquid
1341 4102 1545 4166 quam
1622 4103 1707 4152 ex
1779 4104 2003 4168 quam.
2075 4085 2292 4167 Supra
2360 4081 2678 4165 quicquid

482 4211 808 4291 scriptum
854 4209 962 4272 est
1008 4223 1228 4289 quam,
1276 4207 1449 4287 quod
1496 4223 1649 4272 cum
1686 4209 1902 4290 priore
1941 4210 2132 4290 parte
2171 4203 2472 4274 vocabuli
2511 4205 2682 4287 quic-

485 4329 648 4412 quid
684 4327 930 4394 coaluit
968 4327 1036 4391 111
1078 4327 1453 4412 quicquam,
1480 4327 1655 4393 unde
1678 4345 1852 4393 novo
1878 4327 2047 4393 vitio
2072 4331 2311 4393 natum
2338 4326 2677 4406 cuiquam.

486 4449 579 4514 De
655 4452 957 4530 correpta
1036 4447 1251 4528 priore
1336 4447 1517 4512 vocis
1594 4447 1911 4530 quicqu-td
1976 4446 2232 4530 syllaba
2298 4445 2685 4511 conferatur

2383 4563 2413 4611 8
