3450 5350
1525 578 1610 643 87

483 779 603 829 cur
663 762 701 828 J
706 778 927 826 onnAn
954 756 1008 845 ¹)
1066 760 1149 825 ad
1214 757 1624 825 Curculionis
1686 774 1958 824 versum
2020 755 2234 822 facere
2279 757 2493 838 neget,
2545 772 2680 821 non

480 883 775 966 dispicio.
2549 942 2568 959 ,

575 1005 802 1085 Pergit
866 1007 1064 1085 poeta
1124 1019 1165 1066 a
1212 1017 1477 1067 summo
1523 1001 1663 1066 foro
1705 999 1788 1065 ad
1835 998 2150 1063 tabernas
2199 997 2500 1072 Veteres,
2548 997 2682 1079 qui-

486 1125 611 1190 bus
674 1122 1055 1206 praeteritis
1114 1123 1337 1189 oculos
1397 1120 1639 1188 conicit
1699 1120 1855 1185 inde
1915 1136 1956 1185 a
2001 1118 2139 1184 soro
2188 1118 2373 1201 (nam
2420 1118 2686 1184 videtur

481 1246 707 1311 forum
761 1262 895 1310 non
943 1232 1337 1327 relinquere)
1382 1258 1553 1324 pone
1597 1241 1832 1308 aedem
1879 1239 2178 1306 Castoris
2224 1242 2296 1304 et
2339 1238 2410 1304 in
2460 1239 2684 1305 vicum

490 1368 815 1433 Tuscum:

671 1486 749 1551 In
783 1487 997 1552 Tusco
1022 1487 1189 1562 ν16ο,
1215 1486 1305 1551 ibi
1330 1487 1493 1551 sunt
1516 1484 1823 1551 homines
1845 1483 1961 1565 qui
1985 1482 2113 1564 ipsi
2137 1498 2284 1547 sese
2308 1481 2687 1556 venditant,

667 1610 745 1674 In
796 1607 1079 1682 Velabro
1127 1607 1235 1673 vel
1273 1608 1595 1689 pistorem
1635 1608 1742 1672 vel
1781 1606 2037 1671 lanium
2078 1603 2184 1669 vel
2222 1603 2645 1685 haruspicem

670 1727 795 1796 Vel
818 1729 931 1810 qui
956 1728 1086 1809 ipsi
1110 1731 1387 1795 vortant
1414 1726 1521 1793 vel
1538 1728 1651 1810 qui
1668 1726 1816 1793 aliis
1831 1730 1913 1793 ut
1931 1728 2292 1792 vorsentur
2305 1724 2688 1807 praebeant.

496 1846 628 1918 485
674 1852 851 1917 Ditis
897 1851 1255 1917 damnosos
1301 1851 1581 1917 maritos
1626 1850 1802 1933 apud
1849 1849 2250 1915 Leucadiam
2296 1847 2598 1929 Oppiam.

576 1973 761 2038 Duos
808 1971 911 2037 hic
960 1973 1290 2037 habemus
1336 1988 1595 2053 verSUS‚
1645 1971 1785 2036 483·
1827 1973 1899 2035 et
1945 1971 2097 2051 485,
2146 1970 2262 2051 qui
2311 1968 2691 2055 „construi”

487 2094 659 2175 quod
706 2093 901 2158 aiunt
950 2095 1330 2174 nequeunt3
1390 2092 1699 2159 neutrius
1770 2091 2140 2158 accusativi
2202 2091 2454 2155 habent
2517 2090 2694 2155 unde

486 2215 841 2295 pendeant.
906 2215 1097 2280 Alter
1158 2214 1435 2295 insuper
1495 2215 1766 2279 tantam
1818 2214 2022 2279 habet
2068 2229 2222 2277 cum
2268 2230 2370 2276 vs.
2423 2212 2552 2277 472
2599 2212 2685 2276 si-

488 2335 953 2419 militudinem,
1004 2340 1086 2401 ut
1131 2339 1495 2419 utrumque
1544 2335 1800 2401 servari
1847 2352 1980 2400 non
2026 2352 2220 2416 posse
2245 2333 2683 2399 manifestum

489 2456 579 2521 sit
597 2476 611 2537 3
661 2454 830 2521 alter
874 2456 1068 2521 alteri
1114 2456 1343 2523 cedere
1389 2457 1603 2522 debet.
1652 2456 1796 2523 Iam
1846 2473 2048 2536 supra
2091 2456 2383 2521 vidimus
2423 2472 2524 2520 vs.
2552 2455 2670 2519 471

487 2580 557 2642 et
604 2578 734 2644 473
781 2576 1094 2656 coniungi
1138 2594 1271 2642 non
1317 2594 1531 2657 posse.
1583 2576 1655 2641 Si
1700 2581 1935 2643 autem
1975 2594 2075 2642 vs.
2120 2576 2251 2642 485
2290 2577 2360 2641 in
2399 2576 2538 2641 loco
2579 2593 2680 2641 vs.

486 2700 613 2766 472
662 2699 993 2780 ponimus,
1039 2699 1215 2780 apud
1262 2698 1663 2765 Leucadiam
1701 2699 1983 2780 Oppiam
2007 2698 2218 2764 etiam
2241 2701 2444 2764 erunt
2467 2702 2686 2763 scorta

485 2820 744 2887 exoleta
804 2821 1047 2902 quique
1101 2820 1409 2902 stipulari
1456 2821 1693 2887 solent.
1766 2821 1934 2901 Quid
1981 2824 2212 2886 autem
2257 2818 2686 2900 stipulatores

484 2941 574 3007 ibi
640 2943 813 3023 quod
884 2945 1162 3022 agerent
1231 2943 1609 3017 habuerint,
1682 2960 1816 3008 non
1889 2942 2076 3008 facile
2143 2945 2252 3007 est
2318 2939 2682 3005 intellectu.

484 3062 835 3128 Praeterea
880 3063 1123 3128 ceteris
1168 3064 1369 3129 huius
1418 3081 1700 3130 scaenae
1748 3063 2056 3129 versibus
2077 3063 2201 3128 loci
2225 3062 2683 3137 nominantur,

484 3201 615 3249 non
664 3184 1013 3249 hominum
1060 3184 1355 3249 nomina.
1398 3185 1565 3265 Quid
1604 3189 1835 3250 autem
1878 3184 2095 3263 magis
2132 3184 2198 3248 in
2242 3186 2556 3265 promptu
2579 3185 2686 3247 est

484 3323 687 3387 quam
738 3304 1055 3386 suspicari
1108 3305 1654 3386 interpolatorem
1700 3306 1991 3385 aliquem
2045 3320 2291 3370 nomen
2337 3303 2683 3368 cuiusdam

484 3426 753 3491 infamis
811 3424 1130 3502 mulieris,
1178 3443 1348 3506 quae
1394 3444 1515 3491 suo
1565 3431 1866 3508 tempore
1911 3427 2109 3505 vulgo
2156 3432 2318 3490 not‘a
2363 3429 2565 3502 esset,
2613 3424 2684 3488 in

485 3564 798 3613 scaenam
882 3547 1297 3614 inseruisse?
1387 3547 1611 3613 Aliam
1688 3565 1847 3613 vero
1920 3547 2101 3612 viam
2171 3547 2511 3626 ingressus
2579 3549 2686 3611 est

485 3668 875 3750 Farnnmcn,
925 3669 1056 3749 qui,
1102 3672 1178 3734 ut
1211 3669 1692 3756 vidimus,2non
1731 3669 2005 3734 credens
2044 3669 2181 3733 iam
2207 3667 2429 3733 Plauti
2459 3671 2684 3734 aetate

484 3790 824 3857 basilicam
868 3791 1075 3857 fuisse
1122 3796 1191 3857 et
1231 3796 1424 3858 ratus
1465 3809 1566 3858 vs.
1595 3793 1724 3858 473
1767 3792 1995 3857 versui
2019 3791 2144 3855 471
2188 3790 2454 3855 adnecti
2490 3807 2685 3871 posse

482 3929 584 3978 νε.
634 3911 765 3974 472
812 3911 1027 3977 eiecit.
1078 3913 1251 3978 Tum
1298 3931 1579 3980 scaenae
1625 3915 1827 3980 finem
1877 3915 1971 3978 sic
2022 3913 2318 3992 refingit:

660 4035 741 4098 In
782 4034 993 4099 Tusco
1035 4036 1181 4101 vico
1213 4035 1305 4101 ibi
1331 4041 1492 4102 sunt
1517 4037 1823 4102 homines
1845 4036 1960 4116 qui
1984 4035 2111 4117 ipsi
2135 4051 2281 4100 sese
2307 4035 2682 4100 venditant.

665 4154 843 4221 Ditis
884 4155 1248 4224 damnosos
1281 4158 1559 4223 maritos
1581 4158 1756 4239 apud
1795 4156 2196 4222 Leucadiam
2223 4155 2682 4236 <quaerito>,

554 4429 611 4498 1)
647 4426 751 4480 151.
792 4445 842 4497 p.
880 4427 1000 4481 130.
