3450 5350
1863 610 1951 680 82

809 791 1022 858 multo
1066 792 1296 873 aptius
1342 797 1465 875 est,
1514 794 1830 875 quoniam
1880 796 2052 860 Livii
2099 798 2322 861 aetate
2368 811 2539 877 pone
2585 794 2811 859 Novas
2857 796 3002 859 erat

807 912 1073 978 basilica
1152 914 1459 980 Aemilia.
1538 914 1793 983 Censeo
1859 932 2012 996 ergo
2080 916 2514 997 argentariae,
2585 931 2756 997 quae
2825 912 3003 978 Livii

803 1036 1029 1099 aetate
1091 1034 1320 1101 Novae
1390 1037 1914 1118 appellabantur,
1965 1038 2302 1118 superiore
2369 1054 2546 1101 anno
2614 1035 3001 1101 combustas

746 1184 751 1191 ·
803 1172 863 1220 a.
928 1154 1057 1222 545
1119 1157 1403 1223 refectas
1463 1175 1612 1224 esse
1672 1163 1876 1240 atque
1939 1160 2022 1225 ab
2084 1176 2160 1224 eo
2214 1159 2368 1225 inde
2426 1163 2728 1239 tempore
2775 1158 3000 1222 Novas

804 1292 953 1343 esse
1005 1276 1239 1359 dictas,
1268 1279 1603 1361 porticum
1646 1282 1879 1344 autem
1933 1297 2089 1345 cum
2131 1280 2214 1345 iis
2260 1281 2689 1345 coniunctam
2734 1282 3004 1360 propter

804 1397 1223 1479 splendorem
1268 1418 1309 1465 a
1346 1402 1585 1482 populo
1621 1418 1866 1467 nomen
1903 1402 2232 1483 accepisse
2274 1401 2602 1467 basilicae.
2652 1400 3002 1465 Traditum

768 1520 1069 1601 'quidem
1110 1539 1441 1603 nusquam
1479 1527 1585 1588 est
1622 1523 1805 1588 illam
1844 1524 2175 1603 porticum
2215 1523 2460 1589 ceteris
2495 1521 3004 1604 splendidiorem

801 1641 1033 1719 fuisse,
1094 1643 1211 1708 sed
1271 1644 1445 1725 quod
1492 1644 1699 1709 etiam
1745 1643 1900 1709 alibi
1946 1644 2254 1709 videmus
2300 1644 2672 1709 aedificium
2719 1642 3001 1724 aliquod,

801 1766 1158 1843 postquam
1205 1764 1507 1831 incendio
1552 1766 1876 1831 haustum
1923 1771 2046 1846 est,
2099 1765 2508 1847 splendidius
2552 1764 2752 1839 refici,
2795 1764 2857 1828 id
2897 1763 3004 1829 hic

800 1899 1063 1965 quoque
1108 1884 1361 1951 factum
1410 1903 1559 1951 esse
1608 1887 1933 1968 suspicari
1979 1904 2113 1951 non
2157 1888 2268 1952 est
2310 1885 2766 1951 temerarium.
2807 1884 3001 1949 Nunc

799 2004 1010 2069 etiam
1053 2006 1451 2086 intelligitur
1494 2007 1765 2072 Livium
1813 2008 1882 2072 in
1931 2008 2311 2073 narratione
2349 2007 2428 2071 (10
2468 2006 2736 2071 basilica
2775 2005 3002 2071 Porcia

798 2126 1141 2194 aedificata
1204 2129 1595 2210 simpliciter
1654 2129 1910 2195 factum
1967 2130 2092 2196 1100
2153 2144 2523 2195 memorare
2569 2142 2784 2208 neque
2828 2127 2998 2207 quic·

798 2264 1002 2329 quam
1062 2248 1301 2314 addere
1362 2249 1442 2313 de
1504 2249 1651 2314 eius
1714 2266 1843 2314 usu
1905 2249 2012 2314 vel
2061 2250 2367 2314 nomine:
2417 2246 2688 2313 basilica
2735 2266 2808 2313 se
2854 2249 3001 2328 ipsa

796 2373 1261 2449 procreaverat
1312 2386 1688 2451 nomenque
1744 2344 2087 2449 originem
2117 2362 2420 2435 traxerat
2465 2385 2551 2433 ex
2597 2384 2708 2433 ore
2757 2367 2996 2449 populi,

796 2493 867 2554 et
928 2491 1302 2571 nominum,
1366 2508 1537 2573 quae
1600 2491 1753 2556 inde
1816 2491 2177 2572 fluxerunt,
2225 2490 2407 2569 origo
2464 2524 2533 2535 ——-
2585 2489 2764 2554 haud
2808 2489 3000 2555 aliter

796 2610 865 2676 in
912 2611 1231 2678 hodierna
1276 2613 1501 2693 lingua
1548 2631 1620 2680 se
1666 2631 1775 2692 res
1822 2613 2026 2680 habet
2083 2648 2144 2657 —
2203 2629 2334 2678 non
2382 2611 2691 2678 traditur.

884 2734 1231 2817 Videmus,
1288 2753 1491 2818 quam
1539 2753 1886 2818 perperam
1936 2736 2132 2800 multi
2176 2735 2306 2800 viri
2352 2735 2531 2800 docti
2578 2735 2848 2816 propter
2893 2734 2999 2800 ba—

794 2856 1017 2922 silicae
1101 2858 1513 2923 mentionem
1599 2873 1872 2924 versum
1943 2855 2072 2924 472
2141 2855 2379 2921 Plauto
2446 2855 2994 2921 abiudicaverint.

793 2980 1063 3046 Praeter
1110 2981 1287 3046 hunc
1333 2997 1610 3061 versum
1649 2979 1919 3046 basilica
1957 2979 2166 3044 etiam
2205 2981 2768 3043 commemoratur
2805 2976 2994 3058 Capt.

792 3102 926 3166 815
969 3101 1041 3180 ¹),
1108 3102 1225 3167 ubi
1295 3102 1770 3168 subbasilicani
1839 3101 2239 3168 foetidorum
2307 3101 2593 3181 piscium
2661 3099 2858 3165 odore
2924 3099 2995 3164 in

790 3224 1009 3289 forum
1065 3224 1242 3305 abigi
1304 3225 1655 3307 dicuntur3
1718 3225 1827 3291 1110
1889 3241 2148 3306 quoque
2209 3223 2416 3302 igitur
2474 3222 2748 3303 proinde
2793 3223 2997 3302 atque

791 3348 1021 3410 nostro
1089 3345 1229 3411 1000
1298 3345 1567 3412 basilica
1638 3346 2068 3425 coniungitur
2137 3361 2290 3410 cum
2352 3344 2491 3409 foro
2552 3342 2852 3425 piscarie,
2916 3345 2996 3408 ut

789 3465 959 3532 alter
1017 3483 1256 3533 versus
1317 3468 1607 3534 alterum
1672 3469 2039 3533 sustentet.
2103 3464 2286 3546 Quod
2346 3466 2578 3529 autem
2629 3464 2996 3528 arbitratur

790 3585 1071 3652 Hiinsnn
1094 3586 1171 3667 ²),
1222 3589 1338 3670 qui
1400 3588 1818 3656 Curculionis
1865 3603 2200 3666 scaenam,
2249 3585 2330 3650 de
2375 3602 2508 3665 qua
2552 3584 2795 3665 agitur,
2845 3601 2995 3665 spu-

787 3707 959 3773 riam
1016 3714 1268 3785 censet,
1331 3711 1768 3792 Captivorum
1830 3726 2122 3790 versum,
2173 3724 2311 3772 non
2357 3707 2645 3771 Romam
2693 3709 2995 3786 spectare

788 3826 967 3913 („die
1013 3828 1279 3912 Captivi
1327 3830 1578 3913 spielen
1628 3831 1796 3898 doch
1844 3830 2032 3896 nicht
2077 3829 2150 3894 in
2196 3828 2401 3908 Rom3
2449 3827 2588 3892 und
2636 3825 2841 3911 sollte
2873 3826 2993 3891 das

787 3949 1168 4028 Publikum‚
1240 3953 1347 4018 fiir
1414 3954 1537 4020 das
1604 3954 1891 4019 Plautus
1962 3953 2144 4017 seine
2204 3949 2455 4015 Stficke
2517 3947 2794 4022 schrieb,
2845 3949 2993 4015 eine

787 4070 1202 4151 Anspielung
1268 4058 1456 4139 nicht
1527 4074 1938 4140 verstanden
1999 4071 2233 4153 haben,
2301 4069 2451 4135 weil
2514 4069 2612 4134 sie
2674 4068 2818 4134 sich
2878 4069 3000 4135 auf
3048 4119 3054 4126 .

856 4282 914 4354 1)
948 4281 1073 4337 Non
1110 4281 1389 4337 defuerunt
1424 4282 1517 4354 qui
1553 4283 1690 4338 hunc
1728 4299 1934 4355 quoque
1970 4298 2177 4336 versum
2215 4277 2542 4334 damnarent.
2573 4277 2793 4390 Optime
2813 4281 2989 4332 antem

784 4385 904 4422 eum
942 4367 1176 4424 defendit
1211 4367 1439 4424 ,1011111111
1478 4370 1701 4425 Hermes
1737 4368 1866 4438 XV,
1902 4386 1953 4440 p.
1994 4368 2098 4422 133
2134 4384 2209 4438 eq.

857 4453 913 4520 2)
952 4453 1233 4510 Romieche
1268 4453 1681 4528 Mittheilungen
1721 4453 1886 4523 VIII,
1919 4473 1972 4527 p.
2010 4454 2134 4508 283.
