3450 5350
1548 610 1630 676 61

681 793 877 859 deum
930 794 1276 876 precabor,
1339 797 1425 859 ut⁴
1475 812 1724 859 sanum
1778 813 1882 859 mc
1927 797 2165 861 reddat
2178 820 2204 877 ;
2252 799 2369 862 ubi
2402 818 2699 882 puerum

681 932 912 998 emero,
985 896 1146 980 data
1213 933 1413 998 opera
1479 900 1583 980 mc
1642 917 2020 998 procurabo
2035 939 2062 997 ;
2132 918 2239 983 hic
2290 895 2498 1002 puer¹
2531 922 2703 987 ‘mihi

673 1039 1056 1120 prospicere
1100 1038 1278 1102 debet
1321 1040 1396 1103 ut
1443 1055 1552 1102 res

771 1158 967 1224 Nunc
1014 1158 1179 1224 mihi
1225 1162 1615 1240 quaeratur:
1665 1177 1833 1224 usus
1878 1163 1988 1226 est
2032 1161 2333 1242 pecunia.

594 1279 714 1344 Vs.
763 1279 894 1345 382
957 1280 1211 1346 inserui
1271 1283 1514 1356 autem,
1571 1280 1746 1362 quod
1796 1279 1939 1362 (per
1982 1279 2341 1361 ligaturam
2389 1284 2702 1350 scribitur

504 1400 616 1485 61-1)
661 1405 821 1466 ante
865 1402 1152 1484 aliquem
1197 1402 1524 1468 excidisse
1571 1404 1873 1469 statuere
1916 1421 2047 1468 non
2086 1407 2193 1468 est
2232 1407 2698 1489 temerarium;

503 1519 684 1604 Lyco
746 1522 1042 1588 nondum
1104 1506 1341 1588 statim
1405 1540 1670 1605 parcere
1731 1526 1973 1607 potest,
2036 1526 2194 1606 quia
2253 1543 2473 1594 emere
2518 1529 2701 1609 cupit

505 1661 808 1724 puerum.

593 1905 695 1952 vs.
745 1885 875 1952 386
925 1904 1066 1968 sqq.
1125 1886 1449 1962 Curculi0‚
1495 1889 1855 1968 postquam
1902 1905 1974 1952 se
2024 1889 2191 1954 bene
2238 1891 2554 1973 explevit,
2604 1895 2699 1956 ta·

503 2007 689 2074 bellis
750 2008 886 2074 iam
947 2009 1378 2089 consignatis,
1439 2025 1525 2074 ex
1577 2008 1971 2075 Phaedromi
2012 1987 2291 2076 aedibus
2336 2012 2569 2095 prodit,
2621 2019 2699 2078 ut

502 2129 853 2195 consilium
885 2123 1356 2210 persequatur.
1405 2129 1614 2195 Veste
1656 2128 1928 2196 militari
1954 2131 2233 2197 indutus
2256 2137 2381 2214 est,
2408 2133 2696 2199 alterum

502 2251 767 2316 oculum
813 2252 1018 2316 fascia
1064 2251 1430 2330 obligatum
1475 2251 1698 2316 Habet.
1748 2251 2113 2333 Postham
2150 2253 2355 2318 etiam'
2380 2233 2697 2320 nonnulla

504 2373 707 2442 verba
765 2372 847 2438 ad
909 2372 1394 2438 Phaedromum
1457 2373 1636 2438 intro
1691 2373 2014 2439 clamavit
2060 2373 2141 2438 ad
2188 2355 2698 2454 significandum

502 2494 726 2558 omnia
773 2495 938 2559 bene
984 2497 1312 2559 eventura
1356 2509 1525 2568 esse,
1573 2493 1736 2558 haec
1782 2509 2010 2559 secum
2054 2494 2379 2576 loquitur:

681 2612 924 2696 Edepol
970 2630 1053 2679 ne
1099 2630 1219 2694 ego
1266 2613 1372 2679 hic
1422 2613 1572 2680 med
1617 2613 1809 2680 intus
1856 2615 2120 2697 explevi
2167 2618 2388 2699 probe,
2493 2703 2496 2706 ‚

679 2737 766 2801 Et
812 2736 1080 2818 quidem
1127 2735 1358 2817 reliqui
1407 2736 1478 2800 in
1524 2739 1763 2801 ventre
1808 2738 2007 2803 cellae
2053 2740 2172 2805 uni
2217 2738 2456 2817 locum,

680 2856 816 2924 Ubi
863 2830 1292 2939 reliquiarum
1339 2857 1653 2940 reliquias
1699 2860 2140 2925 reconderem.

597 2980 878 3045 Miratur
921 2980 1186 3045 Somxu
1218 2976 1284 3063 ¹),
1332 2980 1543 3061 „quod
1586 2996 1786 3046 nemo
1833 2984 2245 3062 perspexerit
2290 3001 2391 3049 vs,
2420 2984 2548 3052 387
2598 3004 2696 3068 sq.

503 3118 634 3167 non
682 3106 840 3183 apte
887 3102 1360 3167 antecedentes
1403 3102 1777 3183 ‚excipere’ss
1838 3103 2317 3188 „Exspectares
2336 3105 2396 3170 :'’
2443 3107 2542 3171 ait
2594 3111 2701 3193 „et

503 3222 736 3304 reliqui
799 3223 869 3288 in
928 3227 1166 3288 ventre
1226 3241 1308 3288 ne
1371 3222 1569 3289 cellae
1630 3223 1751 3288 uni
1813 3224 2077 3305 quidem
2137 3224 2356 3291 locum
2404 3228 2518 3292 ubi
2564 3228 2702 3294 reli-

500 3343 809 3424 quiarum
879 3343 1186 3424 reliquias
1256 3343 1697 3425 reconderem,
1770 3326 1879 3410 vel
1939 3346 1997 3411 si
2056 3363 2210 3411 cum
2261 3348 2428 3413 Graio
2476 3348 2563 3432 (1,
2616 3350 2699 3413 67

499 3464 656 3544 quia
703 3481 787 3529 ne
833 3464 1098 3546 quidem
1148 3465 1316 3531 civis
1364 3466 1708 3531 Romanus
1756 3470 1881 3532 est.
1933 3467 1995 3543 3,
2046 3467 2130 3532 93
2178 3473 2254 3534 ut
2304 3488 2389 3535 ne
2432 3470 2700 3551 quidem

499 3584 569 3649 in
625 3584 953 3651 Graecum
1001 3603 1418 3653 sermonem.
1453 3636 1468 3652 .
1498 3634 1512 3650 .
1543 3632 1558 3649 .
1608 3588 1867 3669 proprie
1913 3588 2263 3656 transferri
2309 3591 2549 3672 possit)
2598 3592 2701 3658 ‘ne
2792 3591 2796 3594 ’

499 3704 791 3787 quidem’
854 3707 1252 3787 coniungere
1296 3707 1558 3773 liceret:
1608 3708 1708 3774 Ne
1754 3709 2019 3790 quidem
2068 3711 2299 3792 reliqui
2344 3713 2414 3778 in
2465 3719 2699 3780 ventre
2811 3753 2817 3761 ·

501 3826 701 3891 cellae
748 3828 870 3893 uni
913 3829 1133 3894 locum
1179 3828 1352 3893 etc.'’

593 3946 774 4029 Quod
820 3966 939 4014 cur
985 3950 1513 4030 exspectandum
1553 3968 1704 4015 esse
1742 3954 1940 4032 putet
1980 3951 2268 4031 SoL'rAu,
2309 3971 2443 4020 non
2467 3955 2693 4037 video;

500 4068 709 4135 immo
779 4069 942 4135 mihi
1013 4072 1280 4153 quidem
1350 4072 1565 4151 magis
1634 4073 1913 4154 parasiti
1974 4074 2243 4140 videtur
2304 4076 2511 4142 etiam
2569 4078 2693 4144 loci

497 4189 844 4271 paululum
891 4192 1280 4273 relinquere.
1330 4193 1417 4257 Et
1455 4194 1626 4274 quod
1668 4192 1878 4259 Graius
1918 4212 2000 4259 ne
2038 4196 2301 4277 quidem
2324 4199 2691 4281 coniunxit,

567 4443 624 4509 1)
661 4442 694 4497 l.
733 4444 764 4499 l.
803 4463 854 4515 p.
894 4446 976 4499 10.
