3450 5350
1847 590 1886 652 2

768 769 1086 834 nonnulla
1130 769 1402 850 periisse
1447 770 1620 835 infra
1665 771 1895 836 docere
1939 770 2239 850 conabor,
2288 786 2420 833 non
2468 771 2698 833 tamen
2744 769 2842 834 ita
2879 773 2961 834 ut

768 891 1031 955 credam
1098 889 1393 956 fabulam
1462 892 1766 957 consulto
1833 891 2251 956 decurtatam
2319 906 2485 955 esse.
2548 889 2723 955 Nam
2785 890 2959 970 quod

767 1011 927 1075 dicit
994 1012 1294 1077 RIBBEcK
1341 1009 1416 1088 ¹):
1498 1011 1686 1097 „Mag
1748 1011 1862 1076 der
1930 1011 2080 1077 eine
2146 1011 2282 1076 und
2346 1011 2460 1075 der
2519 1011 2724 1076 andre
2786 1010 2961 1076 Vers

767 1134 972 1198 durch
1044 1133 1287 1200 Schuld
1356 1134 1538 1200 eines
1599 1134 2077 1199 Abschreibers
2138 1133 2587 1213 weggelassen
2652 1133 2790 1197 sein
2858 1131 2961 1195 die

766 1254 1160 1333 eigentliche
1203 1254 1806 1334 Verstiimmelung
1851 1255 2235 1320 verdanken
2285 1253 2411 1318 wir
2450 1254 2566 1318 der
2606 1252 2958 1318 Grausam·

768 1375 911 1440 keit
955 1376 1182 1454 irgend
1228 1376 1413 1441 eines
1458 1377 1877 1454 Regisseurs‚
1923 1377 2039 1442 der
2082 1394 2207 1442 aus
2238 1376 2404 1452 dem
2451 1374 2667 1440 vollen
2714 1373 2963 1438 Drama

766 1497 876 1561 ein
925 1497 1167 1562 kurzes
1213 1497 1566 1580 Nachspiel
1601 1499 2157 1573 zurechtstutzte,
2198 1498 2326 1561 wie
2364 1514 2435 1561 er
2471 1513 2545 1561 es
2583 1497 2689 1560 fiir
2727 1494 2958 1560 seinen

768 1618 1011 1683 Zweck
1077 1619 1276 1698 grade
1344 1619 1692 1684 bedurfte'’
1756 1619 1892 1685 iam
1951 1621 2125 1685 hanc
2186 1620 2267 1685 ob
2328 1633 2471 1683 rem
2532 1636 2665 1682 non
2736 1617 2959 1698 probo,
3006 1696 3012 1703 ι

765 1740 941 1820 1111611
1003 1740 1279 1805 minime
1339 1744 1609 1805 constat
1668 1757 1969 1822 unquam
2028 1741 2206 1822 apud
2260 1741 2597 1804 Romanos
2642 1738 2820 1803 hunc
2867 1737 2958 1801 vi-

766 1861 988 1938 guisse
1051 1878 1303 1926 morem
1364 1865 1445 1926 ut
1506 1865 1657 1943 post
1720 1863 2048 1941 longiores
2111 1859 2369 1927 fabulas
2422 1876 2668 1940 parvae
2711 1859 2962 1924 addita-

767 1983 981 2046 menti
1025 1982 1163 2047 loco
1209 1983 1608 2064 spectandae
1653 1985 2147 2050 exhiberentur.
2195 1983 2363 2064 Quid
2402 1981 2575 2062 quod
2614 1981 2771 2044 huic
2810 1997 2958 2045 con-

766 2101 910 2167 silio
975 2103 1460 2184 antiquioribus
1529 2105 1943 2186 temporibus
2012 2103 2357 2169 Atellanas
2416 2101 2751 2167 adhibitas
2814 2117 2959 2166 esse

763 2223 1096 2305 novimus,
1147 2225 1216 2289 in
1263 2243 1547 2306 quarum
1593 2227 1813 2292 locum
1859 2226 2190 2291 Ciceronis
2227 2228 2451 2290 aetate
2491 2227 2958 2289 successerunt

764 2344 955 2408 mimi
997 2341 1096 2424 ’ΥΒ
1143 2345 1269 2412 Sed
1315 2347 1516 2413 mitto
1561 2348 1683 2413 hoc
1730 2351 2225 2428 argumentum,
2278 2345 2547 2410 maioris
2593 2345 2776 2410 enim
2824 2362 2959 2410 mo·

764 2465 978 2530 menti
1047 2467 1213 2531 mihi
1282 2469 1573 2544 videtur,
1641 2469 1815 2550 quod
1873 2487 1959 2535 ex
2023 2468 2171 2549 ipsa
2232 2466 2455 2532 fabula
2515 2467 2959 2532 demonstrari

762 2591 988 2667 potest
1045 2625 1108 2634 —
1169 2587 1266 2655 sic
1327 2593 1507 2655 certe
1568 2606 1688 2670 ego
1752 2607 1987 2656 censeo
2045 2626 2114 2636 -—
2169 2606 2281 2654 eos
2340 2589 2533 2672 16665,
2600 2589 2713 2670 qui
2774 2587 2959 2653 viros

761 2709 988 2775 doctos
1044 2710 1472 2796 impulerunt,
1524 2716 1603 2777 ut
1649 2712 1996 2777 crederent
2043 2711 2335 2776 fabulam
2383 2709 2686 2776 consulto
2733 2710 2957 2775 decur-

763 2833 980 2896 tatam
1041 2849 1208 2909 esse,
1271 2837 1393 2898 aut
1454 2833 1625 2899 male
1685 2850 1835 2898 esse
1897 2832 2269 2899 intellectos
2328 2836 2450 2897 aut
2504 2831 2748 2895 infelici
2795 2847 2954 2895 casu

761 2969 998 3032 pamm
1044 2953 1338 3033 integros
1385 2956 1469 3019 ad
1515 2972 1637 3019 nos
1684 2954 2091 3036 pervenisse.
2141 2953 2354 3034 Quam
2391 2969 2509 3032 ego
2543 2951 2953 3016 sententiam

761 3074 922 3138 dum
967 3076 1240 3155 probare
1287 3078 1586 3155 conabor,
1637 3076 1839 3141 simul
1884 3076 2015 3141 alia
2059 3073 2379 3141 nonnulla
2424 3074 2743 3154 tractabo,
2786 3087 2953 3152 quae

759 3195 867 3261 vel
935 3195 1172 3260 vitium
1233 3198 1648 3263 contraxisse
1703 3198 1809 3261 vel
1857 3198 2156 3263 nondum
2202 3196 2371 3260 satis
2416 3194 2759 3274 explorata
2806 3209 2954 3257 esse

760 3315 1062 3381 arbitror.

832 3540 888 3609 l)
924 3539 1167 3609 Beitriige
1219 3557 1311 3591 zur
1357 3538 1532 3593 Kritik
1575 3539 1666 3593 des
1716 3538 2051 3595 Plautischen
2099 3537 2361 3592 Curculio,
2413 3535 2655 3591 Berichte
2705 3536 2831 3590 iiber
2869 3536 2955 3590 die

759 3623 1204 3695 Verhaudlungen
1239 3625 1332 3679 der
1367 3624 1632 3697 koniglich
1653 3624 1994 3679 sachsischen
2012 3623 2355 3678 Gescllschaft
2386 3623 2479 3677 der
2506 3621 2953 3677 wissenschaften

758 3728 824 3763 zu
861 3708 1100 3782 Leipzig3
1135 3730 1186 3782 p.
1226 3713 1313 3765 80.
2256 3714 2261 3719 ’

830 3798 886 3866 2)
923 3795 1179 3851 Videatur
1233 3798 1876 3863 Bncxen-Mfflwfflnw,
1923 3796 2223 3852 Handbuch
2269 3796 2363 3850 der
2411 3795 2731 3850 Romischen
2781 3794 2956 3850 Alter·

756 3883 982 3951 thiimer‚
1021 3882 1100 3936 IV
1141 3903 1190 3955 p.
1232 3886 1335 3938 546
1371 3903 1446 3956 sq.
