3450 5350
1821 604 1863 667 6

736 787 842 852 vel
904 787 1396 852 nudiustertius
1458 790 1528 852 et
1588 787 1731 852 heri
1789 786 2207 852 cenavistine
2222 787 2299 850 ?’'
2356 787 2453 854 Cf.
2503 805 2604 854 vs.
2656 790 2742 854 88
2793 807 2935 871 sqq.

735 907 912 972 Dicit
971 909 1224 974 Ussme
1287 926 1403 989 pro
1481 909 1577 974 vel
1637 909 2011 990 exspectari
2072 911 2147 991 et,
2221 909 2335 974 sed
2397 913 2579 974 recte
2650 910 2939 991 explieat

735 1029 904 1094 Lno:
984 1030 1144 1113 „vel,
1218 1031 1276 1094 si
1344 1031 1546 1095 febris
1618 1033 1739 1096 tua
1798 1033 2129 1111 quartana
2189 1033 2312 1112 est,
2377 1031 2935 1097 nudiustertius.”

735 1149 1032 1230 Sequens
1093 1154 1325 1215 autem
1388 1169 1625 1216 versus
1684 1150 1818 1215 leni
1878 1151 2169 1232 quadam
2231 1153 2698 1216 emendatione
2745 1169 2935 1231 egere

736 1272 900 1336 mihi
947 1273 1248 1338 videtur:
1297 1290 1414 1354 pro
1459 1273 1858 1338 cenavistine
1904 1273 2153 1338 00111010
2200 1274 2515 1338 cenavisti
2549 1275 2719 1350 bene,
2760 1273 2934 1367 quod

735 1409 1012 1458 sensum
1075 1395 1412 1474 postulare
1471 1395 1756 1459 arbitror
1774 1416 1789 1475 ;
1853 1395 2068 1460 solum
2129 1397 2411 1460 cenandi
2472 1396 2753 1461 verbum
2801 1412 2935 1460 non

736 1515 1004 1588 sufficit,
1053 1519 1206 1581 tum
1253 1517 1522 1581 demum
1567 1521 1847 1596 apparet
1896 1517 2137 1582 bonam
2184 1534 2333 1582 esse
2382 1518 2837 1583 valetudinem
2878 1516 2936 1582 si

736 1635 946 1701 bene
993 1638 1260 1704 cenavit
1307 1638 1552 1702 Totum
1601 1655 1756 1717 ergo
1802 1639 2021 1703 looum
2070 1639 2167 1704 sio
2213 1638 2494 1717 refingo:

917 1758 1056 1822 PH.
1111 1760 1279 1824 Huic
1325 1777 1731 1840 proxumum
1778 1759 1938 1825 illud
1984 1761 2233 1826 ostium
2281 1760 2837 1826 occlusissimum.

916 1878 1135 1955 Salve,
1186 1880 1510 1945 valuistin
1557 1897 1789 1962 usque,
1837 1881 2304 1970 oculissimum'
2346 1872 2651 1946 ostium?

917 1999 988 2063 Ρ.
1039 1999 1355 2066 Caruitue
1401 2001 1604 2066 febris
1651 1983 1735 2066 te
1768 2003 1911 2066 heri
1958 2001 2059 2067 vel
2110 2003 2608 2069 nudiustertius

918 2121 1006 2186 Et
1051 2122 1193 2186 11611
1237 2122 1566 2188 cenavisti
1617 2124 1831 2187 bene‘.>
1877 2124 2017 2188 PH.
2068 2123 2423 2190 Deridesne
2471 2125 2627 2190 me?

829 2382 932 2429 vs.
984 2365 1069 2429 20
1118 2381 1260 2447 sqq.

917 2487 1058 2550 PH.
1106 2486 1560 2552 Bellissimum
1607 2487 1823 2554 hercle
1869 2489 2006 2554 vidi
2053 2492 2124 2554 et
2171 2489 2815 2555 taciturnissimum:

919 2607 1304 2690 Numquam
1335 2608 1542 2672 ullum
1575 2610 1855 2683 verbum
1882 2611 2158 2676 muttit:
2185 2629 2338 2677 011111
2364 2612 2679 2692 aperitur,
2704 2614 2913 2677 tacet:

916 2729 1085 2794 Cum
1129 2730 1240 2795 illa
1283 2735 1483 2795 nootu
1531 2730 1905 2797 clanculum
1952 2732 2035 2796 ad
2084 2750 2191 2797 me
2236 2734 2398 2814 exit,
2450 2737 2650 2799 tacet.

830 2851 948 2917 Vs.
1015 2854 1098 2916 22
1167 2851 1635 2937 „parallelum”
1699 2870 1847 2918 esse
1906 2853 2195 2921 Gon'rzm
2261 2856 2537 2920 minime
2584 2857 2934 2923 assentior.

675 2978 678 2983 ’
738 2973 1190 3039 Phaedromus
1249 2973 1477 3039 laudat
1537 2974 1811 3053 ostium,
1876 2976 2046 3056 quod
2112 2992 2375 3057 semper
2436 2980 2678 3059 taceat,
2737 2995 2935 3058 quom

734 3096 1095 3176 aperiatur,
1133 3095 1318 3161 addit
1355 3100 1604 3177 autern,
1645 3097 1710 3162 id
1749 3097 1921 3179 quod
1952 3099 2097 3163 eius
2121 3100 2415 3164 maxime
2438 3101 2657 3183 refert,
2684 3100 2934 3166 ostium

738 3219 977 3296 160616,
1042 3234 1244 3298 quom
1305 3218 1521 3282 amica
1583 3221 1787 3283 noctu
1849 3218 2019 3283 olam
2080 3220 2243 3283 exit.
2294 3220 2433 3301 Quo
2478 3196 2935 3287 additamento

734 3337 920 3403 locus
989 3338 1202 3402 multo
1271 3336 1350 3402 fit
1422 3338 1704 3403 vividior
1774 3340 2262 3421 amoeniorque.
2333 3340 2430 3407 cf.
2494 3342 2565 3405 P.
2630 3342 2933 3425 Lmen-N,

737 3452 1192 3523 Plautinisohe
1237 3457 1516 3523 Studien
1563 3476 1626 3538 p.
1678 3459 1799 3524 33:
1845 3461 1988 3544 „die
2027 3459 2475 3539 Gelegenheit,
2517 3462 2620 3527 bei
2660 3462 2941 3528 welcher

737 3580 878 3644 sich
938 3580 1044 3644 die
1106 3579 1327 3644 Thiire
1388 3580 1610 3663 offnet,
1676 3581 1845 3645 wird
1906 3582 2068 3647 doeh
2130 3582 2273 3648 hier
2326 3582 2754 3652 anschaulich
2801 3584 2938 3651 dar·

737 3698 1071 3778 gestellt.”

829 3958 933 4005 VS.
995 3941 1080 4005 33
1143 3959 1284 4022 sqq.
1346 3941 1630 4009 Servum
1691 3943 2069 4021 sollicitum,
2119 3963 2204 4011 ne
2251 3947 2359 4010 0111
2401 3946 2646 4012 liberae
2694 3947 2938 4027 virgini

737 4061 1091 4127 insidietur
1152 4063 1370 4146 1161116,
1421 4063 1514 4128 sio
1559 4064 2015 4131 Phaedromus
2060 4067 2410 4133 certiorem
2454 4068 2619 4133 facit
2662 4068 2743 4133 de
2788 4084 2935 4133 0011-

738 4182 884 4247 silio
928 4199 1084 4247 suo:

919 4304 1058 4369 PH.
1123 4304 1296 4386 Quin
1357 4304 1503 4370 leno
1565 4305 1671 4369 1110
1733 4306 2013 4373 habitat.
2055 4308 2123 4372 P.
2171 4307 2381 4375 Nemo
2432 4309 2589 4375 hino
2633 4310 2938 4390 prohibet

2461 4436 2606 4510 [neo
2652 4434 2845 4497 vetat
