3450 5350
1822 593 1909 656 40

761 774 1080 855 sportulis
1127 790 1364 852 graves
1410 774 1741 853 incedant,
1793 777 1961 856 tum,
2012 792 2116 840 vs.
2162 774 2310 853 294,
2352 774 2695 854 quomodo,
2739 791 2961 854 quam-

760 913 960 978 quam
1008 895 1385 971 temulenti,
1435 898 1664 960 tamen
1713 898 2008 975 graviter
2054 896 2354 961 incedere
2400 898 2745 960 conentur.
2778 893 2827 974 ¹)

852 1017 1141 1082 Multum
1211 1019 1545 1083 sudarunt
1616 1018 1745 1082 viri
1806 1018 1983 1084 docti
2045 1019 2113 1082 111
2172 1018 2561 1098 explicando
2622 1036 2725 1082 vs.
2793 1018 2962 1082 299:

767 1141 985 1224 „recte
1045 1139 1153 1204 hic
1198 1143 1556 1215 monstrat,
1605 1141 1663 1204 si
1712 1139 2039 1219 imperare
2085 1139 2366 1220 possit.''
2412 1139 2576 1220 Quid
2624 1140 2789 1205 haec
2834 1139 2962 1205 sibi

763 1261 966 1325 verba
1004 1261 1294 1326 volunt?
1333 1261 1469 1327 Alii
1508 1261 1996 1327 Phaedromum
2023 1261 2441 1326 Curculionis
2480 1261 2721 1326 ultima
2759 1263 2964 1327 verba

761 1383 857 1447 sic
917 1384 1194 1464 probare
1241 1387 1536 1458 censent,
1585 1383 1694 1448 alii
1747 1386 1978 1449 contra
2024 1384 2589 1465 vituperationem
2638 1383 2722 1448 iis
2769 1382 2963 1462 signi-

759 1504 941 1568 ficari
987 1508 1308 1571 statuunt
1354 1506 1794 1585 arrogantiae,
1844 1523 1975 1608 qua
2019 1505 2089 1570 in
2135 1506 2459 1586 loquendo
2505 1523 2671 1570 usus
2716 1505 2808 1570 sit
2854 1521 2961 1584 pa·

759 1626 1033 1690 rasitus.
1105 1627 1213 1692 Ab
1274 1629 1513 1692 horum
1579 1630 1771 1692 stans
1835 1627 2139 1706 partibus
2208 1626 2429 1692 Gron'rz
2499 1629 2708 1706 rogat,
2778 1627 2961 1690 itane

761 1745 1029 1811 molesti
1091 1748 1232 1811 sint
1292 1748 1556 1814 illorum
1617 1765 1970 1814 servorum
2033 1765 2274 1825 moreS,
2328 1751 2408 1813 ut
2454 1721 2599 1813 iure
2645 1747 2961 1812 Phaedro·

760 1886 916 1934 mus
959 1872 1104 1934 tam
1153 1887 1384 1935 severe
1431 1871 1510 1936 de
1544 1870 1627 1934 iis
1673 1871 1967 1936 iudicare
2013 1870 2246 1951 possit.
2288 1871 2494 1934 Recte
2519 1871 2581 1935 ei
2604 1869 2960 1951 respondet

760 1991 1078 2074 R1BBncK,
1110 1989 1162 2070 2)
1223 1992 1336 2073 qui
1389 1994 1708 2057 observat
1755 1992 1946 2056 illum
1994 1991 2277 2074 pilarum
2323 1989 2576 2071 ludum,
2627 1991 2686 2056 si
2731 1993 2801 2056 in
2848 1991 2961 2056 via

759 2111 1030 2192 luditur,
1104 2112 1381 2177 minime
1452 2115 1596 2177 tam
1664 2113 2031 2177 innocuum
2098 2129 2247 2178 esse
2306 2129 2509 2193 quam
2570 2110 2677 2176 ille
2738 2114 2959 2192 putat.

762 2232 1049 2298 Necesse
1109 2236 1335 2297 autem
1385 2236 1511 2316 est,
1565 2233 1623 2298 si
1671 2233 2021 2299 Gonrzrtm
2069 2250 2446 2314 sequamur,
2499 2232 2963 2298 Curculionem

761 2371 1036 2419 servum
1100 2371 1251 2420 esse
1309 2355 1737 2435 accipiamus.
1802 2354 1984 2434 Quod
2049 2372 2203 2420 cum
2252 2355 2541 2420 Gom-210
2585 2351 2967 2420 incredibile

762 2475 1125 2551 videretur,
1196 2475 1360 2548 ideo,
1435 2478 1514 2539 ut
1577 2475 1832 2557 opinor,
1893 2475 2142 2540 statuit
2199 2473 2516 2540 libertum
2576 2491 2729 2540 eum
2794 2490 2961 2538 esse.

758 2596 1011 2662 Locum
1074 2599 1306 2661 autem
1353 2597 1448 2662 sic
1495 2596 1821 2679 explicat:
1876 2615 1988 2671 „er
2034 2597 2234 2677 spielt
2280 2596 2422 2661 sich
2469 2597 2600 2676 auf,
2649 2595 2748 2660 als
2796 2597 2963 2662 habe

760 2737 832 2784 er
901 2738 986 2784 zu
1056 2719 1375 2794 befehlen‚
1448 2737 1679 2785 woran
1749 2720 1889 2784 sich
1960 2719 2065 2784 die
2134 2719 2344 2797 Klage
2413 2718 2741 2801 schliesst,
2807 2719 2965 2784 dass

762 2842 1139 2922 uberhaupt
1191 2842 1318 2907 mit
1364 2842 1514 2915 dem
1564 2841 2049 2907 Sclavenvolke
2098 2842 2304 2906 kaum
2351 2840 2523 2906 noch
2570 2840 2962 2906 auszukom·

762 2978 916 3027 men
975 2964 1091 3027 sei.
1157 2960 1332 3028 Dass
1393 2963 1696 3028 Curculio
1759 2963 1867 3029 ein
1916 2962 2441 3043 Freigelassener
2488 2980 2647 3036 war,
2698 2961 2963 3028 kommt

760 3100 970 3163 gegen
1016 3085 1193 3150 diese
1239 3085 1654 3163 Auffassung
1700 3086 1892 3150 nicht
1930 3086 1999 3149 111
2042 3084 2427 3150 Betracht.”
2476 3086 2574 3179 At
2611 3100 2767 3165 rogo
2806 3102 2959 3150 cum

761 3204 1120 3271 LAueuuo:
1167 3202 1217 3283 3)
1285 3207 1481 3291 „aber
1540 3207 1769 3271 woher
1832 3207 2033 3271 weiss
2092 3208 2265 3271 denn
2330 3206 2501 3271 Gotz
2566 3206 2963 3287 uberhaupt,

759 3328 919 3392 dass
965 3326 1270 3392 Curculio
1317 3327 1845 3407 Freigelassener
1892 3329 2067 3393 war!
2116 3328 2233 3392 Die
2282 3328 2629 3393 Parasiten
2671 3330 2786 3394 der
2825 3329 2963 3394 Pal-

758 3449 924 3513 liata
969 3449 1117 3513 sind
1158 3449 1476 3514 herunter
1515 3450 1953 3527 gekommene
1992 3450 2437 3527 freigeborene
2476 3451 2747 3530 Burger,
2775 3451 2965 3516 nicht

762 3571 1274 3654 Freigelassene,
1341 3573 1476 3638 und
1541 3573 1668 3636 wir
1728 3572 1880 3637 sind
1934 3572 2351 3652 keineswegs
2398 3572 2786 3651 berechtigt‚
2835 3572 2965 3637 die-

795 3887 799 3891 ,
835 3830 892 3898 1)
930 3828 1254 3882 Lunovlcus
1292 3828 1605 3882 Bncnnom)
1643 3827 1698 3881 in
1737 3825 2097 3883 dissertatione
2132 3827 2427 3898 inaugurali
2457 3826 2712 3899 Lipsiensi
2739 3844 2785 3881 a.
2808 3827 2963 3894 1883,

761 3914 846 3969 cui
893 3915 1104 3971 titulus:
1157 3915 1275 3979 „De
1323 3915 1733 3969 Paromoeoseos
1778 3914 2243 3984 (Adlitterationis)
2289 3914 2431 3985 apud
2468 3918 2667 3967 veteres
2704 3914 2967 3968 Romano·

760 4020 876 4055 rum
905 4007 1088 4073 poetas
1120 4001 1252 4055 usu’'
1281 4019 1333 4071 p.
1367 4003 1458 4054 832
1492 4019 1567 4053 vs.
1605 4002 1887 4056 288—291
1918 4001 2063 4055 nullo
2082 4000 2258 4055 divelli
2277 4019 2425 4071 posse
2444 4005 2622 4054 monet
2643 3999 2823 4064 mod03
2843 4018 2961 4052 nam

758 4094 903 4143 arcte
950 4088 1088 4143 inter
1135 4106 1190 4141 se
1237 4086 1542 4141 coniunctos
1590 4104 1716 4155 esse,
1764 4106 1870 4141 11011
1906 4087 2073 4142 solum
2114 4086 2585 4142 homoeocatalecto
2620 4085 2676 4141 in
2710 4089 2807 4140 -ati
2842 4087 2963 4150 288,

763 4176 848 4240 89,
882 4175 937 4228 in
967 4177 1036 4228 -is
1069 4175 1192 4240 289,
1211 4174 1298 4239 91,
1318 4171 1410 4226 sed
1431 4172 1586 4225 etiam
1612 4172 2063 4229 homoeocatarcto
2088 4176 2209 4243 290,
2230 4175 2296 4227 91
2318 4174 2571 4229 Constant
2598 4177 2877 4228 conserunt
2894 4204 2966 4211 —

759 4261 970 4316 obstant
1003 4261 1277 4315 obsistunt.

833 4350 891 4418 2)
927 4347 961 4401 l.
998 4347 1029 4400 l.
1069 4366 1117 4417 p.
1159 4349 1243 4401 87.

833 4438 890 4507 3)
927 4433 1170 4506 Beitrage
1208 4451 1300 4486 zur
1338 4432 1515 4486 Kritik
1553 4432 1664 4486 und
1701 4432 2001 4505 Erklarung
2037 4432 2129 4487 des
2168 4432 2387 4488 Plautus
2422 4452 2468 4504 p.
2510 4432 2595 4486 49.
