3450 5350
1520 622 1644 687 127

483 802 609 867 547
657 820 774 867 nec
833 803 1002 868 mihi
1060 804 1323 885 quidem
1383 804 1659 868 libertus
1720 805 1948 888 ullust,
2010 804 2162 891 Lyc.
2229 807 2448 883 <tu>
2492 805 2666 886 facis

2199 926 2592 1008 [sapientius

662 1064 863 1127 quam
936 1047 1273 1112 latronum
1334 1063 1530 1127 parS,
1626 1046 1894 1111 libertos
1963 1048 2082 1128 qui
2149 1048 2386 1112 habent
2451 1050 2509 1112 et
2577 1066 2680 1113 eos

2231 1169 2591 1247 [deserunt.

670 1288 857 1354 Ther.
924 1289 1089 1371 quid
1146 1286 1409 1371 fecisti?
1479 1289 1627 1373 [syc.
1678 1290 1852 1371 quod
1900 1290 2263 1372 mandasti,
2315 1292 2416 1355 tui
2466 1293 2674 1366 <ut>

2029 1413 2324 1490 [honoris
2365 1414 2592 1493 yratm

666 1534 847 1597 tuom
923 1534 1041 1614 qui
1113 1534 1387 1613 siynum
1463 1532 1555 1597 ad
1621 1550 1723 1598 me
1791 1533 2137 1615 attulisset,
2208 1536 2530 1599 nuntium
2600 1552 2682 1599 we

2153 1652 2588 1737 [spernerem.

482 1790 548 1839 v.
616 1773 745 1839 545
812 1774 1079 1839 werden
1140 1774 1291 1839 dem
1355 1773 1545 1838 miles
1608 1773 1713 1838 die
1775 1772 2038 1837 tabellae
2096 1775 2374 1858 gezeigt,
2424 1792 2496 1840 er
2541 1777 2684 1841 rust

482 1894 739 1962 lesend:
786 1902 954 1959 ‘was
1000 1896 1158 1960 hast
1205 1896 1293 1960 du
1342 1894 1587 1973 gethan
1608 1894 1663 1958 ’θ’
1715 1892 2065 1959 ‘naturlich
2110 1894 2348 1960 deinen
2395 1897 2678 1962 w'unsch

482 2015 757 2081 erfullt?
826 2015 933 2081 bei
998 2016 1115 2080 der
1181 2015 1595 2093 umstellung
1664 2015 1822 2095 (vgl.
1895 2014 2025 2079 545
2094 2017 2229 2096 qui,
2296 2017 2426 2082 546
2488 2019 2679 2102 quos)

482 2136 698 2216 gieng‚
761 2137 890 2201 wie
949 2154 1023 2202 so
1082 2136 1181 2202 oft
1242 2137 1367 2214 (zb.
1439 2137 1664 2201 hinter
1728 2137 1879 2211 483,
1928 2136 2062 2213 der,
2111 2138 2238 2203 wie
2285 2138 2530 2204 Jordan
2579 2155 2678 2218 ge·

480 2259 676 2341 zeigt,
740 2258 964 2323 hinter
1026 2259 1153 2323 484
1204 2276 1288 2323 zu
1344 2258 1579 2324 stellen
1625 2259 1767 2340 ist),
1815 2260 1922 2323 ein
1973 2276 2128 2324 vers
2174 2260 2492 2343 verloren‚
2544 2261 2680 2326 und

482 2380 600 2445 das
638 2382 709 2446 in
748 2381 875 2446 den
915 2381 1052 2446 hss.
1098 2380 1420 2446 stehende
1458 2379 1725 2445 tabellas
1751 2380 1844 2446 ist
1867 2380 2220 2460 allerdings
2243 2381 2364 2447 das
2388 2382 2675 2448 scholion

479 2500 664 2567 eines
705 2502 1247 2568 aufmerksamen
1292 2501 1565 2567 lesers”.

570 2621 649 2687 In
702 2623 945 2705 quibus
1000 2622 1225 2689 verbis
1269 2621 1426 2687 licet
1471 2622 1611 2688 sint
1656 2638 1828 2703 quae
1876 2622 2166 2702 probem,
2214 2622 2402 2704 plura
2447 2627 2676 2693 tamen

480 2745 751 2811 omnino
813 2744 1246 2826 improbanda
1292 2762 1439 2810 esse
1486 2744 1653 2810 mihi
1699 2744 2036 2810 videntur.
2085 2746 2293 2811 Recte
2337 2749 2681 2815 contendit

336 2885 345 2894 ·
482 2867 587 2931 vir
644 2866 881 2932 doctus
936 2865 1149 2932 deleto
1194 2883 1299 2931 vs.
1350 2865 1479 2932 545
1527 2868 1686 2930 ante
1737 2863 1861 2929 551
1913 2883 2044 2932 11011
2091 2866 2264 2932 satis
2310 2872 2540 2949 aperte
2585 2874 2682 2936 ta-

480 2986 683 3053 bellas
743 2987 1118 3070 significari.
1180 2987 1362 3069 Quod
1418 2988 1503 3053 ad
1552 2991 1773 3052 cetera
1818 2987 2110 3068 attinet,
2133 3005 2304 3070 quae
2351 2990 2674 3075 disputat,

479 3125 750 3190 prorsus
810 3109 894 3173 ab
948 3126 1025 3173 eo
1084 3099 1431 3173 dissentio.
1496 3106 1724 3188 Neque
1786 3107 1978 3173 credo
2040 3109 2380 3191 Lyconem
2440 3110 2678 3177 Thera·

478 3232 835 3313 pontigone
884 3230 1162 3297 tabellas
1206 3229 1580 3309 tradidisse,
1627 3229 1805 3310 quod
1847 3230 1906 3295 si
1950 3230 2240 3307 fecisset,
2289 3232 2481 3297 valde
2525 3233 2679 3299 fuis·

480 3355 583 3417 set
653 3351 1039 3432 imprudens
1108 3351 1570 3432 incautusque,
1644 3366 1859 3431 neque
1932 3367 2206 3417 versum
2273 3351 2403 3417 545
2464 3354 2681 3419 10011111

477 3476 804 3538 mutasse.
875 3473 1166 3538 Versum
1235 3472 1517 3538 emendo
1586 3471 1816 3536 delens
1885 3488 2118 3538 vocem
2184 3475 2425 3554 attulit,
2475 3491 2679 3556 quam

477 3593 937 3674 explicationis
1022 3610 1225 3658 causa
1307 3593 1632 3657 insertam
1703 3609 1854 3657 esse
1924 3593 2284 3658 verisimile
2351 3594 2537 3679 duce,
2609 3599 2682 3661 et

479 3719 925 3796 transponens
965 3715 1230 3780 tabellas
1268 3717 1341 3778 tu
1381 3713 1569 3778 mihi.
1612 3714 1800 3779 Miles
1839 3715 2179 3780 iracundia
2217 3716 2678 3784 inflammatus

478 3835 609 3900 illis
648 3836 870 3902 verbis
890 3837 1101 3902 Lusco
1148 3837 1371 3901 liberto
1415 3839 1486 3900 et
1512 3833 1966 3901 Summanum
2012 3839 2082 3902 et
2129 3837 2418 3914 tabellas,
2466 3842 2677 3920 trape-

479 3957 688 4021 zitam
746 3973 1123 4022 sermonem
1183 3971 1495 4038 peragere
1551 3972 1685 4020 non
1751 3956 1932 4039 sinit,
1998 3957 2113 4023 sed
2166 3975 2323 4023 eum
2369 3957 2674 4039 interpel-

476 4075 626 4140 lans
665 4093 876 4158 neque
913 4077 1273 4158 respiciens
1310 4077 1588 4142 tabellas
1627 4093 1844 4157 neque
1879 4078 2236 4161 quicquam
2274 4095 2390 4146 eas
2426 4096 2672 4144 curans

475 4199 548 4263 in
593 4200 754 4264 haec
800 4201 1092 4281 erumpit
1139 4200 1373 4266 verba:

1652 4335 1821 4399 quas
1869 4319 2144 4386 tabellas
2188 4323 2267 4385 tu
2314 4322 2497 4404 mihi,

656 4439 832 4521 Quos
855 4444 935 4506 tu
958 4442 1124 4506 mihi
1147 4441 1366 4505 luscos
1387 4440 1680 4518 libertos,
1705 4456 1873 4519 quos
1896 4439 2303 4508 Summanos
2327 4444 2670 4508 somnias?
