3450 5350
1826 570 1909 634 24

752 750 866 830 qui
929 753 1104 815 teste
1159 751 1474 816 Omouslo
1521 749 1757 832 (ipsius
1804 750 2171 832 disputatio
2218 750 2383 816 mihi
2429 768 2587 832 prae
2635 752 2947 816 manibus

754 888 884 937 non
944 871 1098 955 fuit)
1146 871 1318 937 vidit
1371 872 1654 938 formam
1700 874 2027 938 dierectus
2073 872 2225 938 inde
2273 876 2511 939 natum
2560 890 2727 956 esse,
2776 871 2948 954 quod

752 994 1044 1073 primum
1085 994 1192 1058 vel
1230 994 1528 1060 derectus
1567 995 1673 1060 vel
1717 995 2010 1060 directus
2057 995 2471 1079 scriberetur,
2500 995 2735 1060 deinde
2781 995 2950 1060 duae

753 1115 926 1180 istae
995 1116 1296 1181 vocabuli
1357 1117 1606 1196 figurae
1667 1117 1844 1182 inter
1896 1134 1969 1182 se
2016 1117 2574 1197 permiscerentur
2611 1115 2695 1200 ¹);
2745 1117 2949 1182 miror

755 1236 958 1314 igitur
1026 1238 1416 1321 Omossnm,
1488 1239 1645 1304 licet
1713 1240 1948 1320 probet
2016 1238 2391 1320 opinionem
2449 1238 2945 1319 annnsmm,

756 1374 1024 1423 servare
1084 1359 1367 1425 formam
1430 1360 1756 1424 dierectus
1775 1380 1790 1436 ;
1854 1377 2013 1425 nam
2076 1359 2133 1424 si
2182 1359 2344 1424 haec
2389 1360 2487 1424 ita
2531 1359 2819 1443 exstitit,
2871 1363 2953 1425 ut

757 1479 1010 1545 dictum
1075 1482 1197 1563 est,
1266 1480 1456 1544 nihili
1513 1497 1661 1546 eam
1722 1499 1873 1546 esse
1934 1483 2320 1546 statuamus
2383 1497 2653 1545 necesse
2714 1486 2822 1545 est
2882 1484 2952 1546 et

758 1604 880 1665 aut
940 1602 1231 1666 directus
1293 1604 1413 1665 aut
1468 1601 1770 1667 derectus
1816 1601 2237 1667 scribendum
2286 1604 2413 1666 est.
2462 1601 2675 1682 Quam
2720 1604 2949 1667 autem

667 1747 674 1755 ·
759 1722 900 1787 vim
963 1722 1494 1788 Nmmmsmpms
1554 1723 1703 1787 voci
1764 1723 2191 1788 tribuendam
2251 1737 2403 1786 esse
2463 1723 2681 1802 putet,
2741 1720 2951 1787 efficio

759 1861 842 1909 ex
905 1843 1043 1908 his:
1108 1844 1340 1908 scribit
1405 1844 1702 1909 ‘Journal
1763 1843 1836 1909 of
1888 1843 2250 1925 Philology’
2296 1843 2464 1909 XIII
2511 1860 2574 1923 p.
2624 1844 2709 1908 75
2753 1842 2950 1907 haec:

768 1965 1184 2051 „dierectum
1250 1967 1562 2031 divisum.
1625 1965 1839 2032 Gloss.
1905 1966 2079 2036 Hild.
2147 1966 2306 2031 This
2380 1965 2557 2044 gloss
2638 1965 2953 2030 confirms

761 2087 877 2150 the
924 2087 1098 2152 view
1138 2087 1212 2152 of
1238 2087 1458 2168 clirico
1481 2087 1699 2152 which
1738 2088 1769 2151 I
1806 2085 2160 2168 expressed
2198 2087 2269 2151 in
2308 2104 2349 2152 a
2388 2086 2630 2152 former
2670 2087 2954 2151 number

761 2209 834 2273 of
885 2207 1026 2272 this
1090 2207 1404 2273 Journal’'
1426 2228 1440 2288 ;
1505 2210 1708 2288 atque
1766 2208 2127 2272 eorundem
2189 2206 2560 2272 Annalium
2607 2207 2733 2272 vol.
2782 2207 2954 2272 XIV

764 2347 826 2410 p.
892 2330 1011 2394 30:
1082 2330 1529 2413 „derectarius
1593 2328 1963 2411 κατάρατος,
2031 2328 2247 2395 Gloss.
2303 2327 2452 2392 Lat.
2501 2328 2730 2393 Graec.
2779 2328 2953 2412 (Phi-

761 2451 1090 2530 loxenus).
1155 2451 1316 2516 This
1376 2451 1553 2530 gloss
1613 2455 1931 2532 supports
1992 2451 2108 2515 the
2154 2437 2391 2533 theory
2440 2450 2659 2516 which
2704 2452 2735 2515 I
2781 2451 2957 2516 have

762 2572 1028 2654 already
1078 2573 1485 2638 maintained
1532 2572 1602 2636 in
1648 2572 1787 2637 this
1833 2572 2129 2648 Journal,
2176 2572 2328 2636 that
2374 2573 2734 2637 dierectum
2782 2573 2842 2637 is
2887 2573 2954 2637 in

765 2711 950 2760 some
1018 2712 1206 2761 cases
1274 2714 1314 2761 a
1373 2695 1753 2775 corruption
1820 2696 1921 2760 for
1982 2695 2381 2760 devectum?
2445 2695 2742 2760 Eandem
2801 2712 2955 2776 ergo

763 2816 898 2881 fere
936 2818 1083 2883 voci
1119 2818 1259 2882 vim
1309 2819 1579 2897 praebet
1625 2835 1831 2899 quam
1878 2817 2080 2883 ceteri
2127 2817 2257 2881 viri
2294 2818 2493 2891 docti,
2531 2815 2956 2882 contumelio-

766 2955 932 3003 sam.
995 2937 1146 3003 Alio
1193 2954 1466 3017 prorsus
1512 2938 1705 3003 modo
1754 2954 1896 3003 rem
1944 2955 2017 3003 se
2064 2938 2303 3003 habere
2350 2954 2745 3018 persuasum
2792 2936 2958 3002 mihi

765 3062 905 3124 est:
969 3076 1200 3124 vocem
1263 3062 1508 3125 natura
1567 3076 1692 3124 sua
1752 3059 2303 3124 contumeliosam
2356 3074 2504 3125 esse
2551 3074 2736 3137 nego,
2786 3057 2955 3139 quod

765 3179 1042 3245 dilucide
1102 3180 1521 3245 demonstrat
1581 3197 1821 3245 versus
1882 3179 2481 3256 Menaechmorum,
2544 3180 2659 3244 ubi
2718 3195 2957 3243 servus

764 3302 1057 3382 loquitur
1115 3300 1195 3365 de
1248 3318 1358 3365 ero
1377 3322 1392 3382 3
1441 3316 1859 3381 nequaquam
1906 3304 2136 3366 autem
2182 3299 2399 3364 iratus
2445 3302 2574 3375 est,
2621 3299 2830 3363 immo
2873 3298 2957 3363 la·

769 3426 1135 3499 mentatur‚
1197 3422 1369 3503 quod
1429 3440 1584 3488 erus
1645 3422 1887 3503 praeda
1947 3423 2123 3486 facta
2164 3421 2256 3485 sit
2302 3420 2689 3486 meretricis,
2735 3419 2963 3500 Atque

769 3544 828 3609 si
887 3561 1017 3609 vox
1080 3543 1362 3609 convicii
1408 3543 1551 3607 vim
1598 3543 1841 3608 habere
1888 3542 2221 3609 censenda
2265 3544 2389 3624 est,
2442 3557 2559 3606 cur
2605 3558 2737 3605 non
2782 3540 2959 3606 adhi-

768 3666 962 3729 betur
1023 3682 1081 3729 6.
1145 3680 1204 3743 g.
1267 3664 1503 3729 Pseud.
1555 3664 1686 3727 360
1734 3681 1897 3744 sqq„
1945 3664 2060 3728 ubi
2108 3663 2411 3729 omnium
2459 3662 2595 3728 fere
2639 3660 2957 3727 convicio-

769 3803 921 3850 rum
963 3784 1255 3851 collectio
1300 3788 1530 3850 exstat
1550 3786 1585 3849 5>

859 3907 1004 3971 Iam
1053 3923 1253 3987 supra
1298 3905 1592 3971 vidimus
1638 3923 1870 3971 vocem
1917 3922 2179 3985 semper
2224 3905 2489 3970 adnecti
2528 3906 2750 3971 verbis
2788 3921 2963 3971 amo-

771 4026 989 4092 vendi.
1055 4026 1220 4106 Quid
1279 4028 1510 4091 autem
1570 4028 1785 4106 magis
1846 4028 2373 4092 consentaneum
2420 4030 2525 4091 est
2571 4043 2772 4107 quam
2817 4025 2961 4091 eius

769 4146 944 4213 modi
1010 4148 1233 4214 verbis
1292 4147 1562 4228 adiungi
1624 4165 1871 4233 vocem,
1922 4166 2091 4230 quae
2138 4148 2466 4215 rationem
2513 4148 2779 4233 indicet,
2829 4164 2961 4229 qua

840 4421 896 4489 1)
930 4418 1128 4474 Eodem
1163 4416 1323 4473 modo
1361 4417 1526 4471 Mero.
1565 4420 1629 4472 58
1667 4434 1763 4489 pro
1798 4418 1958 4473 de’dier
1995 4418 2085 4475 CD
2120 4418 2319 4474 habent
2355 4419 2572 4485 dieder-e,
2609 4418 2650 4471 B
2689 4418 2769 4471 die
2806 4418 2960 4471 beret.
