3450 5350
1756 592 1882 658 172
1975 648 1980 653 .

1660 856 1671 867 ·
1694 834 1926 901 XXV.

683 1029 688 1033 ’
809 1011 943 1077 Ib.:
1007 1011 1187 1075 αἴτιοι
1244 1006 1345 1075 οὖν
1406 1012 1519 1076 εἷο-ι
1583 1012 1686 1077 καὶ
1751 1012 1894 1090 ὑμῖν
1952 1020 2192 1079 πολλῶν
2257 1013 2362 1090 ἤδη
2423 1015 2757 1093 ψευσθῆναι
2803 1012 2906 1079 καὶ

718 1111 843 1215 ἰδίᾳ
884 1131 1108 1204 ἀδίκως
1147 1129 1218 1196 τέ
1258 1156 1427 1205 τινας
1467 1132 1681 1217 ῥᾳδίως
1720 1133 2060 1200 ἀπολέσθαι
2099 1136 2150 1201 οἱ
2192 1142 2536 1212 τολμῶντες
2573 1136 2905 1215 ψεύδεσθαι

718 1253 821 1317 καὶ
872 1259 1279 1334 συκοφαντεῖν
1326 1250 1664 1335 ἀνθρώπους
1711 1256 2162 1334 ἐπιθυμοῦντες.

806 1376 1209 1459 Quocunque
1248 1377 1440 1444 modo
1476 1378 1640 1445 haec
1676 1378 2144 1457 emendantur,
2184 1379 2592 1447 servandum
2629 1381 2736 1445 est
2761 1376 2904 1461 ἰδίᾳ.

1678 1590 1939 1659 XXVI.

808 1773 1246 1841 Basilicarum
1292 1776 1470 1856 origo
1514 1776 1584 1841 in
1630 1776 1778 1858 ipsa
1824 1778 1986 1843 urbe
2031 1776 2244 1842 Roma
2289 1776 2664 1859 quaerenda
2710 1779 2836 1843 est.

1668 1989 1964 2057 XXVII.

809 2171 994 2254 Quod
1048 2174 1279 2238 narrat
1323 2171 1536 2238 Varro
1582 2172 1657 2237 L.
1698 2174 1774 2238 L.
1817 2173 1881 2240 V
1927 2172 2085 2241 147:
2143 2174 2341 2259 „haec
2384 2174 2608 2241 omnia
2655 2177 2910 2257 postea·
3008 2197 3012 2201 ·

716 2310 919 2374 quam
963 2296 1307 2359 contracta
1349 2294 1419 2359 in
1466 2311 1681 2359 unum
1729 2293 1944 2361 locum
1991 2312 2161 2376 quae
2204 2296 2287 2360 ad
2328 2295 2588 2361 victum
2628 2296 2911 2377 pertine-

717 2416 903 2498 bant,
941 2418 1013 2481 et
1049 2413 1438 2481 aedificatus
1474 2414 1677 2499 locUS,
1716 2416 2124 2499 appellatum
2161 2417 2580 2493 macellum”‚
2608 2419 2907 2499 spectare

719 2536 984 2602 videtur
1029 2553 1089 2602 a.
1142 2536 1272 2602 209
1317 2555 1377 2602 a.
1428 2536 1578 2603 Chr.
1626 2555 1693 2603 n.

1654 2751 1979 2818 XXVIII.

808 2897 991 3016 Quod
1051 2934 1228 3016 apud
1288 2934 1643 3002 nonnullos
1686 2935 2014 3008 traditum
2058 2939 2166 3002 est
2213 2935 2549 3002 Cononem
2593 2954 2635 3001 a
2686 2935 2908 3001 Persis

716 3057 1145 3122 interfectum
1205 3073 1375 3133 esse,
1436 3057 1501 3121 id
1563 3057 1871 3123 manavit
1929 3074 2014 3123 ex
2061 3055 2231 3122 male
2276 3056 2632 3124 intellectis
2688 3057 2908 3124 verbis

717 3177 1029 3243 Isocratis
1076 3178 1137 3261 4,
1189 3177 1295 3258 41,
1348 3176 1511 3242 154:
1562 3177 1659 3240 ἐπὶ
1710 3177 1956 3258 θανάτῳ
2000 3177 2367 3256 συλλαβεῖν.

1678 3389 1949 3456 XXIX.

811 3572 961 3638 Non
1008 3569 1340 3652 probanda
1378 3573 1544 3636 sunt
1582 3588 1752 3653 quae
1790 3571 2092 3654 disputat
2129 3573 2455 3639 HoMoLLn
2476 3573 2692 3652 (‘Bull.
2727 3573 2905 3640 Corr.

719 3693 915 3760 Hell.'
943 3692 1113 3758 1896
1132 3711 1194 3774 p.
1216 3692 1344 3758 502
1369 3698 1539 3775 sqq.)
1562 3695 1646 3760 ad
1670 3694 2270 3761 demonstrandum
2293 3695 2512 3762 Nabin
2537 3699 2905 3778 tyrannum

717 3814 1384 3882 Lacedaemoniorum
1431 3814 1609 3896 regio
1653 3815 1862 3882 fuisse
1908 3832 2164 3898 genere.
