3450 5350
1332 1493 1706 1576 CAPUT
1767 1493 1868 1612 v.

1456 1767 1722 1775 ———

762 1967 868 2034 I)e
914 1966 1304 2050 particulae
1349 1967 1591 2048 itaque
1637 1965 1822 2050 apud
1866 1952 2205 2032 Plautum
2250 1983 2404 2032 usu.

579 2153 676 2218 De
737 2153 1100 2234 particulae.
1159 2154 1380 2234 itaque
1434 2169 1564 2217 usu
1613 2150 1927 2218 nonnulla
1975 2151 2079 2216 hic
2126 2151 2476 2217 observare
2520 2154 2681 2220 mihi

486 2274 718 2340 liceat:
758 2275 1238 2341 occurrendum
1275 2273 1456 2338 enim
1494 2275 1600 2337 est
1623 2271 1991 2337 multorum
2018 2271 2314 2336 virorum
2338 2272 2686 2340 doctorum

489 2397 866 2462 sententiae
926 2399 1146 2478 itaque
1205 2413 1404 2475 saepe
1463 2394 1763 2460 adhiberi
1825 2410 1943 2475 pro
2002 2396 2097 2460 ita
2145 2395 2217 2459 vi
2262 2396 2531 2461 causali.
2580 2398 2687 2464 Sic

488 2519 666 2584 Bmx
727 2520 809 2584 ad
872 2520 1004 2584 Mil.
1071 2519 1197 2584 108
1260 2521 1576 2584 annotat:
1649 2519 1909 2602 „itaque
1969 2517 2229 2583 einsach
2290 2536 2412 2600 80,
2476 2520 2684 2585 durch

491 2641 782 2707 solche
831 2640 1069 2723 Mittel,
1119 2658 1172 2706 s.
1228 2640 1420 2706 1410.
1470 2639 1641 2704 Rud.
1691 2639 1843 2705 369.
1897 2637 2061 2720 589;
2109 2641 2522 2719 gewehnlich
2546 2658 2688 2708 ver-

490 2763 645 2828 tritt
713 2781 787 2829 es
855 2763 1106 2829 freilich
1171 2763 1266 2828 im
1335 2762 1607 2841 Anfang
1673 2763 1789 2827 des
1848 2761 2083 2827 Satzes
2146 2763 2249 2829 die
2307 2763 2509 2829 Stelle
2570 2765 2688 2829 des

489 2886 909 2966 emphatisch
946 2885 1456 2964 begrfindenden
1497 2886 1593 2949 ita
1631 2890 1737 2961 (=
1779 2885 1848 2948 in
1887 2884 2069 2949 dem
2107 2884 2343 2962 Grade‚
2384 2905 2471 2954 so
2512 2887 2689 2962 sehr)

489 3007 618 3072 wie
680 3006 865 3088 Epid.
928 3007 1014 3071 83
1076 3006 1120 3070 f.
1185 3008 1324 3070 nisi
1384 3003 1696 3081 suffulcis
1758 3004 2067 3085 firmiter,
2123 3006 2276 3072 Non
2312 3011 2496 3089 potes
2540 3008 2687 3073 sub-

489 3128 756 3191 sistere:
795 3128 1020 3209 itaque
1058 3130 1133 3193 in
1166 3129 1223 3190 te
1261 3127 1539 3192 inruont
1578 3133 1830 3189 montes
1868 3128 2051 3204 mali,
2077 3127 2234 3191 Aul.
2267 3127 2419 3193 414.
2447 3129 2685 3195 Bacch.

492 3249 642 3313 242.
692 3250 856 3315 Cist.
900 3249 1049 3313 672.
1092 3248 1270 3313 Pers.
1314 3249 1466 3312 481.
1496 3246 1646 3311 505.
1694 3247 1892 3313 Poen.
1922 3248 2071 3313 200.
2100 3250 2250 3314 398.
2300 3250 2506 3316 Stich.
2537 3254 2689 3329 276,

487 3374 732 3438 ebenso
793 3373 926 3438 Cic.
990 3388 1205 3437 somn.
1268 3369 1440 3450 Scip.
1500 3368 1531 3431 I
1561 3368 1664 3447 1'’;
1715 3371 1789 3433 et
1836 3368 2121 3435 LANGEN
2152 3370 2201 3454 ¹)
2247 3372 2448 3437 habet
2493 3372 2691 3438 haec:

493 3494 769 3580 „hechst
807 3490 1342 3572 eigenthfimlich‚
1383 3491 1541 3556 aber
1581 3490 1754 3555 duch
1786 3490 1936 3555 eine
1960 3489 2403 3573 hinlangliche
2427 3493 2689 3560 Anzahl

490 3632 624 3681 von
672 3614 1038 3696 Beispielen
1084 3611 1442 3695 geschiitzt
1487 3611 1581 3676 ist
1625 3610 1740 3675 der
1788 3610 2135 3677 Grebrauch
2183 3629 2316 3678 von
2356 3616 2577 3696 itaque
2615 3616 2687 3680 in

489 3736 606 3801 der
651 3735 1026 3801 namlichen
1058 3734 1456 3811 Bedeutung
1502 3732 1682 3809 (dicit
1719 3732 2272 3812 siqnificationem
2309 3737 2684 3821 causalem),

490 3859 795 3924 worfiber
839 3874 996 3922 man
1045 3856 1203 3921 sebe
1248 3854 1503 3919 Lorenz
1549 3852 1687 3918 und
1736 3854 1899 3917 Brix
1939 3870 2023 3919 zu
2065 3853 2195 3918 Mil.
2244 3854 2391 3931 108,
2432 3874 2689 3923 ausser·

487 3979 638 4044 dem
683 3978 939 4044 Lorenz
987 3978 1082 4042 im
1126 3974 1356 4039 Philol.
1407 3974 1512 4056 32,
1567 3974 1733 4054 2783
1782 3974 2042 4040 Ritschl
2090 3975 2312 4041 wollte
2355 3977 2546 4043 dafi'ir
2591 3982 2686 4045 ita

485 4098 908 4166 herstellen”.
979 4098 1205 4163 Etiam
1270 4095 1578 4161 Leonum
1607 4094 1805 4159 «illud
1877 4095 2129 4176 opinari
2192 4096 2346 4162 inde
2407 4103 2685 4180 apparet

486 4222 657 4303 quod
718 4222 802 4287 ad
849 4221 1087 4286 Bacch.
1141 4219 1269 4282 242
1317 4216 1548 4282 laudat
1591 4215 2098 4282 annotationem
2144 4218 2377 4283 Bmxn
2420 4218 2502 4284 ad
2552 4219 2683 4284 Mil.

559 4453 616 4519 1)
650 4451 686 4505 1.
723 4450 758 4505 1.
795 4470 846 4523 p.
885 4453 1005 4507 232.
