3450 5350
1791 587 1919 653 124

760 773 963 852 atque
1020 770 1143 836 EV
1203 770 1426 837 verbis
1484 773 1604 836 aut
1663 789 1828 853 sqq„
1890 773 2052 837 ante
2097 787 2267 852 quae
2315 770 2369 834 B
2417 768 2713 851 spatium
2757 768 2959 833 habet

758 892 1041 958 duarum
1088 892 1469 959 litterarum
1510 909 1877 975 erasarum,
1916 892 2185 972 signum
2222 890 2459 957 militis
2495 890 2957 973 praemittant.

760 1012 941 1096 Quod
1001 1031 1241 1080 verum
1301 1030 1450 1080 esse
1505 1014 1859 1080 existimat
1904 1012 2168 1089 Loium,
2201 1010 2248 1096 ¹)
2296 1015 2576 1093 excepto
2622 1010 2793 1094 quod
2840 1014 2970 1076 aut·

760 1138 989 1201 mutat
1034 1136 1106 1200 in
1153 1153 1267 1201 an.
1315 1136 1603 1201 Secutus
1650 1152 1805 1202 eum
1845 1138 1953 1201 est
1990 1136 2310 1211 mennon,
2339 1130 2391 1219 ²)
2429 1135 2544 1216 qui
2581 1126 2958 1215 opinionem

757 1272 955 1321 suam
1016 1257 1115 1322 sic
1172 1256 1502 1323 defendit:
1572 1257 2000 1343 „schwerlich
2061 1257 2252 1322 hatte
2314 1256 2428 1321 der
2477 1255 2669 1323 miles
2714 1255 2960 1321 Veran-

758 1377 1033 1459 lassung
1091 1380 1358 1445 hierauf
1406 1397 1491 1445 zu
1554 1383 1966 1460 entgegnen:
2029 1398 2112 1445 ne
2156 1381 2214 1444 te
2258 1380 2357 1445 mi
2397 1379 2615 1462 facias
2657 1380 2960 1461 ferocem.

760 1472 960 1565 Hitze
1024 1501 1161 1565 und
1224 1501 1399 1566 Zorn
1456 1501 1575 1566 des
1622 1501 1899 1567 Andern
1948 1501 2358 1566 abzulehnen
2404 1518 2547 1566 war
2593 1500 2802 1566 Sache
2846 1500 2964 1565 des

760 1619 939 1704 Lyco
944 1667 1136 1685 .....
1185 1622 1316 1688 Der
1362 1622 1555 1688 miles
1600 1625 1988 1699 antwortet‚
2033 1623 2116 1687 da
2155 1622 2297 1687 sich
2336 1620 2514 1706 Lyco
2555 1622 2962 1688 Grobheiten

760 1744 1118 1809 verbittet:
1183 1745 1434 1810 meinst
1492 1744 1583 1810 du
1644 1740 1846 1828 etwa,'
1908 1744 2014 1809 ich
2078 1742 2198 1809 soll
2258 1744 2407 1810 dich
2459 1744 2810 1823 demuthig
2853 1760 2962 1807 an-

761 1865 1008 1931 ssehen:
1071 1883 1165 1931 an
1224 1866 1425 1950 (statt
1487 1868 1630 1950 aut)
1694 1865 2065 1948 supplicare
2112 1883 2391 1932 censeas
2405 1864 2484 1931 ‘?”
2533 1868 2630 1931 At
2675 1865 2961 1949 Lyconis

760 1988 966 2053 verba
1024 2004 1121 2052 vs.
1196 1986 1323 2054 537
1387 2005 1483 2069 sq.
1546 1988 1712 2053 mihi
1772 1987 2042 2069 quidem
2105 1988 2386 2054 minime
2444 1988 2582 2053 irae
2630 1986 2960 2053 sedandae

760 2109 994 2175 idonea
1040 2109 1371 2176 videntur.
1420 2110 1635 2176 Immo
1678 2112 1850 2177 iram
1896 2109 2158 2191 militis
2179 2112 2388 2177 etiam
2433 2113 2712 2177 auctum
2759 2110 2842 2174 iis
2879 2108 2960 2173 iri

761 2233 1127 2312 exspectes.
1196 2231 1379 2313 Quod
1446 2232 1654 2298 etiam
1714 2232 2008 2298 sensisse
2068 2234 2494 2299 RIBBEOKIUM
2553 2250 2639 2299 ex
2699 2230 2960 2298 ultimis

761 2348 908 2420 eius
972 2354 1196 2420 verbis
1260 2353 1483 2421 allatis
1550 2358 1825 2436 apparet
1893 2353 1919 2437 (
1927 2352 2056 2440 „da
2110 2355 2252 2420 sich
2312 2356 2491 2438 Lyco
2554 2354 2960 2421 Grobheiten

762 2474 1180 2559 verbittet”).
1226 2476 1376 2541 Non
1419 2476 1713 2542 multum
1752 2474 2040 2559 Lyconis
2078 2476 2406 2543 interesse
2443 2478 2689 2557 potest,
2728 2479 2961 2540 utrum

762 2597 957 2663 miles
1016 2598 1373 2663 iracundus
1434 2598 1527 2664 sit
1585 2615 1828 2682 necne;
1893 2617 2052 2665 nam
2116 2599 2320 2664 huius
2379 2598 2671 2679 gratiam
2730 2598 2964 2678 utique

761 2718 1065 2804 perdidit,
1130 2721 1444 2802 quoniam
1507 2726 1886 2801 argentum,
1941 2721 2113 2802 quod
2159 2720 2295 2786 iam
2341 2721 2543 2802 dedit,
2591 2721 2812 2786 denuo
2857 2719 2963 2784 da-

762 2842 961 2906 turus
1004 2858 1138 2906 non
1182 2846 1308 2907 est.
1359 2842 1553 2908 Militi
1599 2846 1850 2924 autem,
1897 2843 2087 2908 cuius
2131 2842 2473 2908 iracundia
2515 2842 2725 2907 etiam
2761 2843 2965 2906 aucta

762 2965 871 3027 est
907 2963 1353 3052 insolentibus
1391 2966 1758 3045 trapezitae
1796 2965 2038 3041 verbis
2079 2965 2318 3030 verba:
2366 2979 2488 3048 „ne
2528 2965 2598 3028 te
2639 2962 2733 3028 mi
2757 2962 2963 3028 facias

762 3082 1092 3148 ferocem”
1150 3085 1503 3166 aptissima
1565 3090 1750 3150 sunt.
1813 3085 2067 3150 Tamen
2126 3101 2415 3165 sequens
2473 3086 2594 3148 aut
2652 3100 2738 3147 ne
2792 3081 2961 3147 mihi

762 3205 1028 3286 quidem
1077 3209 1335 3272 rectum
1374 3207 1660 3283 videtur,
1702 3210 1905 3288 atque
1945 3206 2148 3271 miror
2183 3204 2494 3270 Lnonron
2532 3203 2597 3269 id
2635 3219 2964 3269 servasse.

765 3325 994 3407 Neque
1051 3327 1233 3393 enim
1294 3313 1677 3408 persuaderi
1737 3328 1903 3393 mihi
1964 3331 2186 3409 potest
2247 3330 2370 3392 aut
2430 3327 2555 3393 dici
2601 3343 2795 3408 posse
2841 3343 2960 3407 pro

763 3465 938 3513 neve.
985 3448 1153 3530 Quid
1198 3451 1319 3514 aut
1362 3450 1431 3514 in
1475 3454 1705 3515 nostro
1753 3466 1953 3515 versu
2003 3449 2376 3528 significare
2421 3449 2680 3526 debeat,
2728 3449 2961 3514 docere

762 3572 1049 3650 possunt
1094 3571 1294 3637 Poen.
1342 3571 1473 3636 395
1519 3588 1693 3652 sqq.:
1744 3569 2037 3653 (obsecro
2081 3570 2178 3654 te)
2769 3647 2776 3652 ,

946 3691 1045 3756 Ut
1102 3695 1176 3756 tu
1225 3692 1378 3757 huic
1424 3691 1596 3756 irata
1642 3707 1729 3755 ne
1773 3691 1870 3756 sis
1912 3708 2014 3755 au
2033 3694 2083 3772 t,
2135 3690 2192 3756 si
2237 3691 2303 3756 id
2350 3691 2492 3756 fleri
2539 3708 2672 3757 non
2717 3694 2965 3772 potest,

946 3811 1185 3892 Capias
1207 3813 1445 3879 restim
1470 3828 1547 3877 ac
1568 3814 1639 3877 te
1661 3812 2032 3891 suspendas
2056 3829 2211 3876 cum
2235 3829 2343 3876 ero
2358 3814 2430 3876 et
2446 3815 2679 3877 vostra
2694 3810 2966 3878 familia.

733 3904 886 3999 ⁸As.
940 3935 1102 3998 773:
1151 3951 1274 4020 „ne
1311 3932 1421 4000 illa
1460 3933 1689 3999 minus
1724 3935 1846 3998 aut
1884 3933 2036 4014 plus
2073 3950 2276 4014 quam
2316 3936 2396 3998 tu
2437 3933 2723 4014 sapiat‚”
2765 3933 2973 3998 verba
3103 3939 3116 3947 ”

767 4055 1001 4120 ‘minus
1045 4057 1165 4119 aut
1202 4055 1365 4136 plus
1409 4057 1555 4119 tam
1598 4058 1745 4120 arte
1791 4055 1964 4119 inter
2015 4070 2088 4119 se
2136 4056 2297 4119 sunt
2343 4069 2666 4129 connexa,
2715 4056 2796 4118 ut
2841 4053 2973 4119 dici

844 4344 900 4411 1)
936 4341 1211 4414 Specimen
1250 4337 1764 4395 critico-litterarium
1799 4337 1856 4392 in
1891 4335 2138 4392 Plautum
2175 4339 2229 4392 et
2265 4337 2566 4395 Terentium
2605 4355 2654 4412 p.
2695 4339 2780 4393 34.

836 4430 897 4500 2)
929 4428 965 4483 l.
1000 4428 1035 4483 l.
1071 4447 1124 4500 p.
1160 4428 1229 4483 90
1265 4445 1339 4500 sq.
