3450 5350
1516 583 1639 650 129

564 765 1005 831 Offenduntur
1046 768 1279 831 autem
1309 766 1439 830 viri
1476 765 1652 831 docti
1684 767 2314 831 commemoratione
2338 765 2671 831 lenonum.

473 887 831 953 LAMans
877 902 1111 952 vocem
1151 886 1449 951 mutavit
1485 886 1555 950 in
1595 886 1908 963 militum,
1933 886 2165 951 DOUSA
2203 885 2274 951 in
2312 887 2669 971 latronum,

473 1025 601 1090 quo
648 1012 912 1090 recepto
960 1008 1375 1074 anoxmsnu
1422 1008 1838 1088 transposuit
1884 1009 2223 1074 latronum
2261 1027 2452 1091 pars,
2503 1009 2671 1074 vide·

472 1128 627 1195 licet
673 1147 807 1195 non
854 1130 1128 1195 credens
1174 1126 1512 1213 Sisennae,
1562 1130 1678 1211 qui
1723 1128 2071 1194 contendit
2115 1133 2381 1209 poetam
2426 1130 2497 1194 in
2547 1131 2673 1196 Ru-

474 1252 675 1317 dente
717 1252 1001 1332 priorem
1035 1251 1362 1334 syllabam
1387 1239 1572 1318 vocis
1597 1254 1770 1318 latro
1793 1251 1994 1317 metri
2009 1268 2221 1317 causa
2246 1251 2671 1331 produxisse:

475 1371 697 1436 Rufln.
754 1371 1079 1449 (Gramm.
1132 1372 1280 1437 Lat.
1330 1388 1456 1437 rec.
1505 1373 1679 1438 ΚΕΗ,
1729 1371 1846 1448 VI,
1898 1371 1935 1435 2
1985 1389 2046 1452 p.
2101 1370 2294 1455 561):
2353 1370 2673 1457 „Sisenna

474 1493 543 1557 in
608 1494 919 1559 Rudente
982 1495 1079 1559 sic
1105 1540 1343 1558 ......
1407 1474 1643 1574 postea
1702 1494 1834 1558 sic:
1897 1492 2324 1559 latronem
2370 1493 2674 1574 producit

476 1615 674 1679 metri
718 1614 985 1705 causa''.
1061 1602 1243 1695 Q'uod
1294 1630 1619 1680 verumne
1688 1615 1781 1679 sit
1849 1631 2094 1690 annon,
2167 1616 2467 1679 statuere
2539 1631 2669 1679 non

476 1736 731 1817 ausim;
791 1752 952 1801 sane
998 1753 1133 1801 non
1180 1735 1370 1801 credo
1416 1738 1684 1816 poetam
1733 1736 1993 1801 metri
2041 1752 2302 1800 causa
2347 1735 2671 1817 syllabam

476 1857 868 1939 produxisse
887 1877 902 1937 3
969 1856 1028 1920 si
1090 1854 1376 1921 Sisenna
1436 1856 1508 1920 in
1571 1856 1792 1937 aliquo
1848 1856 2070 1921 Plauti
2116 1872 2315 1921 versu
2364 1873 2498 1921 non
2545 1872 2675 1921 cor·

475 1983 674 2059 rupto
737 1979 1002 2045 invenit
1061 1979 1232 2044 latro
1297 1978 1615 2060 producta
1676 1979 1891 2059 priore
1952 1978 2226 2062 syllaba,
2291 1979 2445 2044 hinc
2491 1981 2680 2060 patet

475 2100 857 2181 antiquitus
895 2117 1045 2165 eam
1083 2099 1409 2182 syllabam
1448 2103 1692 2165 natura
1723 2100 1988 2179 longam
2013 2100 2222 2165 fuisse
2244 2116 2452 2181 aeque
2475 2103 2679 2181 atque

476 2223 657 2290 vocis
704 2221 1001 2287 eiusdem
1048 2222 1300 2287 formae
1347 2222 1619 2286 latrare.
1660 2221 1916 2286 Verum
1962 2222 2280 2302 quoniam
2327 2238 2460 2286 vox
2509 2224 2679 2288 latro

477 2361 607 2410 non
650 2347 880 2409 exstat
917 2344 989 2407 in
1028 2342 1352 2418 Rudente,
1394 2344 1522 2408 viri
1562 2343 1741 2408 docti
1779 2343 2100 2409 Sisennae
2141 2344 2674 2409 observationem

473 2464 883 2529 rettulerunt
928 2464 1011 2529 ad
1057 2469 1365 2531 nostrum
1413 2464 1630 2530 locum
1678 2464 2110 2531 Curculionis.
2160 2465 2344 2545 Quod
2383 2472 2462 2529 ut
2497 2469 2677 2530 recte

424 2644 426 2647 Α
474 2587 753 2653 fecerint
790 2603 1041 2652 vereor.
1082 2587 1351 2652 Etenim
1389 2590 1583 2652 estne
1620 2585 1778 2652 illud
1803 2590 1948 2652 tam
1972 2586 2312 2667 proprium
2335 2585 2674 2651 latronum

477 2711 517 2774 i.
560 2727 615 2774 e.
684 2708 996 2775 ‘militum
1062 2710 1361 2775 mercede
1422 2710 1930 2776 conductorum’
1993 2711 2291 2774 deserere
2351 2708 2672 2774 libertos?

476 2830 731 2896 Notum
776 2834 882 2896 est
929 2830 1106 2896 inter
1152 2834 1511 2911 patronum
1548 2834 1752 2912 atque
1790 2831 2104 2896 libertum
2144 2831 2491 2896 exstitisse
2532 2831 2672 2894 viu-

474 2953 699 3018 culum
736 2952 1029 3033 pietatiS,
1069 2955 1271 3033 atque
1310 2955 1670 3033 patronum
1711 2953 1998 3033 turpiter
2036 2969 2248 3032 agere,
2277 2953 2333 3017 si
2357 2952 2672 3016 libertum

477 3074 758 3138 deserat.
823 3073 989 3153 Quid
1036 3073 1257 3153 igitur,
1309 3074 1367 3137 si
1411 3072 1591 3156 Lyco
1636 3073 1852 3138 dicere
1899 3073 2141 3138 voluit:
2202 3077 2318 3160 „tu
2364 3074 2528 3138 facis
2576 3089 2672 3137 sa·

475 3193 769 3275 pientius
834 3211 1036 3275 quam
1104 3210 1148 3273 p
1172 3212 1213 3259 a
1236 3211 1270 3258 r
1292 3210 1326 3258 s
1393 3193 1741 3275 lenonum;
1809 3193 1930 3260 soli
1991 3195 2060 3258 hi
2122 3194 2257 3259 fere
2317 3210 2675 3274 eorumque

478 3318 752 3379 tantum
797 3331 997 3396 pars
1042 3315 1124 3378 ad
1172 3331 1323 3379 eam
1370 3316 1856 3396 turpitudinem
1898 3318 2204 3397 veniunt,
2245 3318 2325 3380 ut
2363 3317 2674 3380 deserant

476 3435 842 3500 libertos”?
911 3436 1075 3500 Inde
1144 3435 1316 3516 quod
1387 3453 1542 3501 cum
1611 3436 1869 3502 latrone
1929 3437 2106 3519 Lyco
2165 3436 2476 3517 loquitur,
2542 3452 2673 3500 non

476 3555 847 3622 necessario
897 3556 1199 3636 sequitur
1241 3573 1397 3622 eum
1444 3557 1617 3638 quod
1662 3559 1822 3623 facit
1869 3557 2492 3639 Therapontigonus
2540 3572 2673 3621 non

476 3694 857 3758 comparare
918 3693 1111 3757 posse
1161 3695 1316 3742 cum
1361 3678 1463 3759 iiS,
1514 3695 1685 3759 quae
1732 3678 2034 3744 nonnulli
2077 3677 2334 3743 faciunt
2378 3675 2669 3742 lenones.

475 3799 572 3864 cf.
640 3799 819 3864 Pers.
886 3797 1015 3862 433
1080 3815 1199 3880 sq„
1263 3798 1376 3863 ubi
1435 3798 1584 3864 leno
1645 3798 1972 3865 Dordalus
2029 3800 2192 3880 dicit
2253 3799 2337 3864 ad
2399 3805 2673 3863 servum

476 3920 813 3984 Toxilum:

659 4041 901 4106 Mirum
950 4040 1109 4121 quin
1156 4039 1282 4104 tibi
1326 4056 1445 4118 ego
1490 4039 1845 4115 crederem,
1894 4043 1974 4105 ut
2019 4041 2199 4105 idem
2246 4040 2406 4104 mihi

660 4161 939 4226 Faceres
981 4161 1153 4240 quod
1202 4161 1448 4240 partim
1494 4161 1752 4226 faciunt
1799 4163 2192 4242 arqentarii.

570 4283 690 4348 Vs.
743 4284 871 4348 549
926 4298 1126 4361 supra
1166 4279 1369 4346 talem
1408 4282 1750 4362 exscripsi,
1792 4281 2057 4363 qualem
2105 4282 2374 4363 praebet
2411 4279 2548 4346 cod.
2595 4281 2664 4362 B,

480 4404 595 4486 qui
631 4421 787 4470 eum
820 4401 1073 4484 Lyconi
1110 4402 1479 4467 continuat.
1509 4403 1689 4468 VEI
1712 4408 1945 4469 autem
1972 4404 2195 4469 versui
2228 4401 2674 4492 praemittunt

2409 4523 2437 4570 9
