3450 5350
1566 620 1691 683 169

1555 890 1677 955 XI.

618 1073 805 1139 Ovid.
854 1073 1011 1138 Met.
1061 1073 1145 1154 V,
1196 1072 1359 1137 546:

842 1226 957 1292 Ille
1004 1226 1129 1292 sibi
1175 1226 1442 1293 ablatus
1486 1225 1689 1293 fulvis
1735 1224 2048 1292 amicitur
2091 1224 2164 1288 in
2207 1222 2352 1289 alis,

615 1379 809 1459 Leg.:
855 1376 1077 1444 fulvas
1123 1377 1433 1445 amicitur
1477 1380 1545 1445 in
1591 1378 1751 1445 alas.

1550 1590 1708 1657 XII.

612 1776 797 1841 Pers,
844 1775 927 1852 V,
985 1776 1065 1841 19
1112 1778 1272 1857 Sq.:'

704 1928 851 1994 Non
897 1927 1203 2009 equidem
1251 1928 1373 1994 hoo
1418 1927 1672 2009 stude0‚
1722 1925 1992 2007 pullatis
2039 1926 2120 1990 ut
2164 1921 2330 1987 mihi
2378 1920 2576 2002 nugis

701 2050 953 2129 Pagina
996 2051 1339 2130 turgescat
1383 2050 1541 2115 dare
1583 2048 1846 2131 pondus
1889 2047 2122 2114 idonea
2167 2046 2371 2111 fumo.

611 2203 739 2269 Pro
774 2202 1055 2285 pullatis
1099 2203 1347 2289 rectius
1390 2201 1752 2269 deteriores
1795 2201 1980 2268 codd.
2027 2199 2313 2266 bullatis.

1522 2415 1708 2481 XIII.

610 2599 842 2665 Iuven.
890 2598 973 2681 V,
1026 2596 1187 2663 105:

837 2749 1131 2816 Vernula
1174 2750 1469 2832 riparum
1514 2750 1782 2832 pinguis
1827 2753 2126 2817 torrente
2171 2749 2408 2816 eloaoa.

611 2900 739 2967 Pro
782 2904 1069 2967 torrente
1114 2900 1234 2981 leg.
1280 2901 1602 2967 sordente.

1524 3114 1714 3180 XIV.

610 3283 815 3363 Rutu.
868 3269 1035 3380 Lup.
1084 3297 1164 3363 de
1211 3295 1320 3380 fig.
1368 3297 1423 3374 1,
1474 3298 1590 3362 21:
1638 3297 1821 3363 Rure
1866 3283 2144 3376 rediens,
2193 3283 2464 3378 iudices,
2510 3279 2706 3368 homi>

522 3409 747 3484 maior
776 3407 965 3501 natu,
1013 3435 1255 3500 magno
1300 3419 1531 3501 calore,
1580 3419 1699 3484 vix
1745 3399 2068 3487 euffeiens
2111 3421 2260 3487 viae
2305 3416 2705 3500 molestiam,

521 3543 749 3605 tamen
796 3539 899 3605 his
938 3540 1162 3606 verbis
1200 3543 1464 3621 egomet
1501 3557 1611 3606 me
1648 3527 1979 3632 consolor:
2007 3539 2132 3608 Fer
2153 3525 2414 3609 fortiter
2436 3543 2705 3609 demum

516 3660 826 3727 laborem.

606 3781 733 3848 Pro
786 3781 1053 3848 demum
1098 3785 1491 3864 expectatur
1536 3785 1890 3852 vocativus
1933 3785 2222 3852 nominis
2267 3786 2526 3872 proprii,
2575 3803 2705 3869 quo

519 3904 579 3969 is
625 3903 738 3984 qui
781 3902 1070 3985 loquitur
1113 3904 1257 3986 ipse
1304 3922 1377 3971 se
1421 3905 1732 3988 appellat.

1533 4093 1690 4186 xvg

542 4357 546 4362 .
610 4298 815 4366 Thaca
866 4299 915 4383 I,
965 4299 1073 4374 62,
1124 4301 1201 4364 4:
1251 4299 1535 4370 Καλλίας
1572 4296 1708 4366 δἀὖ
1752 4301 1783 4365 ὃ
1827 4307 1942 4366 τῶν
1983 4299 2316 4376 Ἀθηναίων
2353 4304 2700 4384 στρατηγὸς

520 4418 624 4482 καὶ
696 4421 747 4484 οἱ
815 4417 1217 4499 ξυνάρχοντες
1288 4419 1427 4494 τοὺς
1502 4422 1615 4498 μὲν
1692 4421 2058 4496 Μακεδόνας
2121 4424 2356 4498 ἱππέας
2417 4425 2522 4491 καὶ
2584 4432 2698 4492 τῶν
