3450 5350
1548 593 1634 658 65

498 789 772 838 versum
827 774 1332 855 praecedentem
1379 774 1671 840 testibus
1717 774 2006 842 Gonrzm
2054 777 2125 841 et
2171 773 2505 840 Son‘rAvro
2551 774 2688 841 iam

498 895 839 977 perspexit
885 913 948 960 v.
998 896 1060 961 d.
1105 895 1175 960 Ε.
1216 896 1490 962 BALLAs
1522 893 1587 975 ¹).
1637 896 1929 981 „‘Atque
1967 897 2219 962 eccum'
2258 900 2408 962 tum
2451 897 2520 960 in
2557 912 2687 973 usu

498 1021 622 1097 est,
686 1018 742 1083 si
805 1018 884 1093 is,
932 1016 1122 1082 0111113
1170 1017 1425 1083 mentio
1472 1017 1691 1098 paullo
1736 1019 1896 1083 ante
1940 1017 2121 1084 facta
2164 1019 2291 1100 est,
2318 999 2534 1083 ¹modo
2580 1017 2688 1082 ad·

499 1139 821 1232 spiciturf'
869 1135 1162 1217 (SoLrAu
1206 1138 1248 1203 1.
1295 1137 1336 1204 1.
1385 1157 1447 1220 p.
1499 1138 1634 1223 30).
1683 1137 1869 1219 Quod
1914 1138 2228 1220 quoniam
2265 1139 2374 1203 hic
2413 1156 2548 1204 non
2586 1138 2686 1213 fit,

500 1260 818 1326 nonnulla
876 1260 1293 1328 intercidisse
1352 1264 1648 1343 apparet.
1714 1261 1965 1326 Tamen
2028 1277 2163 1325 non
2223 1259 2413 1325 credo
2474 1273 2690 1325 unum

499 1383 769 1446 tantum
811 1398 1082 1447 versum
1118 1382 1414 1464 periisse,
1442 1383 1649 1449 immo
1686 1385 1910 1448 totum
1951 1381 2207 1447 lenonis
2245 1379 2687 1459 monologum.

502 1503 731 1585 Neque
768 1503 948 1568 enim
983 1503 1341 1568 admodum
1376 1503 1737 1569 verisimile
1775 1502 1940 1568 mihi
1980 1502 2245 1567 videtur
2269 1502 2685 1586 trapezitam,

502 1625 615 1707 qui
674 1624 1147 1706 Aesculapium
1211 1624 1544 1691 salutandi
1600 1642 1807 1691 causa
1866 1625 2128 1707 prodiit,
2184 1628 2451 1691 tantam
2498 1640 2687 1705 pecu·

506 1746 706 1828 niam,
771 1749 1025 1828 quanta
1084 1746 1276 1813 miles
1337 1748 1666 1827 virginem
1728 1750 2000 1831 emerat,
2071 1764 2301 1812 secum
2354 1746 2690 1811 habuisse.

504 1867 673 1933 Cum
733 1868 939 1948 igitur
1001 1869 1191 1934 dicit:
1256 1885 1567 1954 „sequere
1614 1868 1801 1950 hac”‚
1853 1869 2222 1950 parasitum
2273 1867 2543 1933 domum
2589 1865 2695 1932 vel

503 1989 587 2054 ad
642 2007 947 2056 mensam
996 2006 1070 2055 se
1115 1991 1302 2072 sequi
1348 1991 1552 2056 iubet.
1603 1990 1969 2073 Postquam
2014 1990 2339 2073 abierunt,
2388 1989 2696 2054 lenonem

505 2128 543 2176 e
602 2111 755 2176 fano
817 2111 1137 2192 prodiisse
1199 2111 1280 2176 de
1357 2112 1498 2178 suis
1544 2129 1778 2177 secum
1824 2112 2023 2176 rebus
2070 2111 2450 2192 loquentem
2498 2109 2695 2188 fingo.

506 2231 686 2313 Quae
747 2232 950 2297 verba
1011 2231 1068 2297 si
1113 2235 1382 2298 servata
1428 2235 1676 2308 essent,
1724 2206 1928 2316 plura,
1978 2249 2147 2314 quae
2190 2248 2372 2296 nunc
2417 2231 2696 2296 obscura

507 2354 674 2417 sunt
728 2353 1072 2434 perspicua
1115 2354 1325 2419 fuisse
1382 2355 1610 2419 fut-ura
1665 2370 2062 2435 persuasum
2123 2353 2289 2419 mihi
2350 2355 2487 2418 est:
2539 2355 2691 2417 tum

505 2489 719 2555 neque
764 2474 901 2539 iam
945 2492 1074 2556 quo
1118 2475 1268 2541 illae
1312 2474 1538 2540 decem
1583 2477 1890 2555 spectent
1935 2475 2176 2551 minae,
2224 2491 2389 2556 quas
2435 2491 2535 2539 vs.
2565 2472 2694 2537 529

505 2592 654 2660 leno
699 2596 782 2660 ab
827 2597 1204 2676 argentario
1249 2597 1482 2679 poscit,
1523 2597 1592 2662 in
1632 2597 1929 2663 tenebris
1964 2597 2222 2681 lateret,
2266 2612 2482 2679 neque
2521 2595 2693 2660 coni-

506 2718 812 2784 ciendum
876 2723 1074 2801 esset,
1142 2720 1297 2801 quid
1353 2720 1512 2785 illud
1560 2720 1685 2785 sibi
1735 2720 1936 2786 vellet
1982 2720 2467 2803 iusiurandum,
2518 2718 2690 2801 quod

506 2838 616 2904 alii
681 2841 930 2920 putant
997 2840 1234 2906 datum
1302 2856 1449 2905 esse
1507 2833 1736 2924 militi,
1808 2842 1917 2907 alii
1989 2842 2414 2924 Phaedrome,
2479 2857 2690 2921 neque

507 2960 789 3042 denique
849 2961 1063 3026 nostri
1107 2960 1230 3026 loci
1277 2961 1575 3027 brevitas
1619 2963 1999 3028 offenderet.
2047 2961 2324 3028 Difficile
2369 2961 2691 3027 nimirum

507 3085 614 3147 est
682 3082 949 3148 disertis
1010 3082 1231 3148 verbis
1293 3084 1529 3159 dicere,
1591 3084 1746 3165 quid
1810 3084 1919 3149 illa
1979 3082 2217 3149 lacuna
2262 3082 2689 3162 continuerit,

507 3204 624 3269 sed
664 3204 770 3269 -sic
814 3202 950 3269 fere
994 3220 1137 3269 rem
1168 3202 1377 3285 fingo:
1419 3203 1566 3270 leno
1605 3221 1642 3269 0
1678 3203 1835 3270 fano
1872 3202 2114 3285 prodiit
2145 3220 2375 3269 secum
2417 3203 2691 3284 loquens

508 3326 588 3390 de
647 3326 875 3390 morbo
936 3328 1008 3390 et
1066 3325 1209 3405 ipse
1271 3342 1343 3392 se
1404 3326 1843 3410 interrogans,
1899 3324 2241 3405 affligatne
2292 3342 2365 3391 se
2411 3325 2695 3390 fortasse

509 3448 779 3512 deorum
826 3446 943 3511 ira.
992 3447 1071 3511 In
1115 3447 1508 3512 memoriam
1553 3447 1725 3512 redit
1761 3447 2024 3528 quoties
2062 3448 2199 3513 iam
2234 3445 2695 3528 periuraverit,

507 3584 700 3650 porro
759 3566 917 3647 quid
976 3567 1276 3633 facturus
1329 3568 1442 3644 sit,
1488 3571 1572 3633 ut
1610 3569 1851 3634 melius
1898 3569 2024 3634 sibi
2067 3570 2207 3648 fiat,
2256 3567 2693 3633 demonstrat.

508 3689 852 3755 Postremo
890 3687 1188 3769 suspicor
1224 3689 1629 3771 prompsisse
1667 3706 1822 3755 eum
1862 3706 1981 3755 con
1989 3687 2213 3755 silium
2240 3687 2696 3768 argentarium

506 3810 812 3888 adeundi,
862 3807 976 3889 qui
1022 3826 1138 3889 pro
1176 3809 1396 3875 nescio
1431 3827 1564 3891 qua
1596 3826 1667 3875 re
1707 3810 1931 3876 decem
1975 3810 2199 3875 minas
2240 3808 2365 3873 sibi
2404 3808 2693 3873 deberet.

508 3932 688 4013 Quod
747 3930 865 3996 ubi
924 3930 1116 4005 dixit,
1179 3930 1322 4011 ipse
1384 3931 1731 4013 trapezita,
1796 3930 1910 4012 qui
1969 3930 2225 3994 interea
2279 3928 2496 4003 rediit,
2556 3944 2697 4009 pro-

507 4053 683 4118 cedit
725 4068 880 4117 cum
925 4050 1220 4131 parasito
1258 4049 1532 4132 loquens
1571 4050 2023 4133 indicansque,
2064 4024 2179 4116 ubi
2215 4049 2478 4115 habitet
2514 4047 2697 4129 leno;

508 4173 750 4239 ultima
795 4173 937 4238 eius
984 4171 1188 4240 verba
1235 4171 1396 4238 talia
1440 4173 1575 4237 fere
1619 4174 1830 4253 fingo:

583 4432 634 4493 1)
671 4429 900 4484 Gramm.
938 4428 1085 4483 latin.
1123 4446 1259 4501 spec.
1299 4446 1352 4499 p.
1389 4430 1472 4483 30.
