3450 5350
1574 599 1703 664 153

532 782 1027 864 praecedentia:
1082 800 1256 868 „non
1302 786 1508 865 tace0,
1534 782 1800 863 quando
1847 798 1954 847 res
2000 779 2212 845 vortit
2259 776 2489 853 bene'’‚
2532 776 2736 841 Phae·
2816 775 2821 780 ’

534 904 761 971 dromo
808 904 1023 971 dicere
1070 904 1447 971 censendus
1492 907 1622 969 est.
2503 986 2508 990 .

624 1026 909 1093 Omnino
967 1027 1049 1092 ad
1112 1025 1381 1092 irritum
1441 1025 1678 1091 cecidit
1742 1024 2127 1090 distributio
2174 1024 2505 1097 Ussmeu‚
2557 1036 2734 1104 „pro-

534 1148 919 1213 mittimus”
962 1147 1161 1213 militi
1198 1147 1644 1213 adiudicantis
1680 1150 1884 1241 atque
1931 1150 2117 1233 „tace
2155 1146 2280 1210 tu”
2306 1144 2733 1211 Phaedromo.

534 1270 722 1335 Miles
780 1270 1023 1336 sororis
1070 1270 1342 1336 arbitrio
1387 1270 1745 1351 permittit,
1774 1272 2006 1335 utrum
2032 1268 2443 1335 Phaedromo
2491 1267 2736 1332 nubere

534 1390 699 1457 velit
737 1409 945 1458 necne
982 1398 1109 1469 (vs.
1136 1392 1302 1460 673:
1351 1392 1449 1479 „si
1487 1393 1653 1458 haec
1691 1392 1926 1474 volt'').
1967 1390 2038 1456 Si
2077 1391 2284 1471 igitur
2313 1392 2467 1471 post
2495 1389 2734 1454 verba:

538 1514 683 1600 „hic
747 1514 1238 1596 nuptialem
1298 1531 1447 1579 cras
1509 1512 1740 1579 dabit'’
1805 1513 2084 1595 loquens
2135 1511 2487 1591 fingendus
2531 1512 2733 1586 esset,

532 1637 673 1702 iam
732 1636 840 1703 hic
902 1652 978 1701 se
1029 1636 1096 1700 id
1144 1635 1353 1701 sorori
1398 1635 1788 1716 permittere
1834 1634 2280 1716 pronuntians
2327 1635 2508 1699 esset
2552 1632 2736 1697 indu-

535 1756 805 1823 cendus,
870 1758 1045 1823 Hinc
1106 1774 1239 1823 non
1294 1757 1607 1823 abhorret
1652 1757 1824 1839 quod
1871 1774 1973 1821 vs.
2024 1756 2177 1831 665,
2223 1755 2380 1820 licet
2423 1770 2508 1819 ne
2555 1770 2736 1818 nunc

534 1879 802 1962 quidem
862 1880 1133 1959 sponsio
1194 1879 1371 1944 facta
1433 1869 1547 1959 sit,
1609 1877 1803 1943 miles
1847 1878 2141 1960 parasito
2185 1876 2618 1943 contendenti
2663 1893 2736 1941 se

534 2002 730 2067 dote
750 2020 821 2067 m
872 2000 1189 2067 daturum
1248 2017 1398 2066 esse
1461 2000 1852 2081 respondet:
1921 2016 2067 2085 „me
2117 2000 2390 2064 lubente
2435 1996 2734 2063 feceris.’'

534 2123 710 2189 Nam
767 2123 1020 2205 optime
1079 2123 1203 2188 hoc
1248 2122 1463 2187 dicere
1509 2124 1756 2204 potest,
1804 2120 1936 2187 etsi
1982 2120 2308 2186 nihildum
2352 2120 2432 2185 de
2479 2118 2736 2201 nuptiis

532 2248 875 2311 statutum
951 2247 1079 2310 est.
1141 2244 1686 2311 subaudiendum
1751 2243 2073 2311 nimirum
2133 2246 2272 2309 est:
2334 2244 2399 2307 si
2457 2243 2734 2323 ‘nuptiae

530 2367 708 2447 fient.
780 2366 969 2433 Miles
1037 2370 1269 2433 autem
1340 2383 1553 2448 neque
1619 2365 1958 2448 promittit
2021 2383 2094 2431 se
2138 2382 2373 2431 cenam
2417 2365 2734 2430 daturum

530 2504 679 2554 esse
741 2505 955 2570 neque
1018 2491 1252 2569 negat3
1312 2505 1471 2553 nam
1536 2487 1738 2552 verbo
1789 2487 2252 2569 promittimus
2300 2484 2603 2551 Curculio
2649 2484 2733 2548 ab

532 2630 609 2679 eo
670 2630 744 2679 se
804 2613 1057 2679 avertit
1119 2615 1189 2679 et
1250 2612 1495 2694 aspicit
1557 2611 2068 2694 Phaedromum,
2128 2613 2529 2692 exspectans
2572 2610 2732 2693 quid

533 2736 639 2800 hic
698 2735 997 2801 dicturus
1058 2735 1169 2800 sit.
1220 2734 1495 2800 Accedit
1540 2733 1735 2815 quod,
1785 2734 1840 2798 si
1880 2735 2344 2815 promittimus
2390 2735 2571 2799 esset
2618 2733 2733 2798 mi-

529 2857 693 2939 litis,
749 2856 948 2922 verba
996 2856 1389 2923 Phaedromi
1437 2858 1572 2920 tace
1616 2857 1709 2938 tu,
1760 2871 1932 2936 quae
1979 2854 2352 2921 Curculioni
2397 2855 2732 2935 dicuntur,

533 2979 759 3044 minus
804 2981 1033 3045 essent
1079 2981 1264 3060 apta.

618 3100 738 3166 Vs.
812 3101 941 3164 664
984 3101 1479 3180 .interrogatio:
1560 3100 1755 3186 „quid
1827 3099 2118 3176 dotis’'‘?,
2190 3116 2392 3180 quam
2475 3098 2734 3164 codices

530 3222 841 3287 tribuunt
899 3222 1330 3296 Phaedromo,
1386 3238 1509 3286 suo
1568 3219 1712 3286 iure
1777 3222 2011 3286 Borma
2071 3219 2448 3298 assignavit
2494 3219 2732 3284 'Phera-

529 3344 926 3424 pontigono;
997 3361 1158 3409 nam
1219 3344 1411 3408 hunc·
1458 3341 1787 3408 allocutus
1855 3345 1963 3409 est
2033 3341 2354 3406 Curculio.
2417 3340 2734 3406 Libenter

530 3469 761 3532 autem
823 3483 977 3531 cum
1041 3465 1365 3531 Ussmero
1428 3467 1697 3546 propter
1749 3480 2035 3545 sequens
2081 3464 2324 3544 eyone‘?
2371 3465 2520 3544 post
2572 3463 2734 3545 quid

532 3587 703 3652 dotis
749 3587 1147 3652 inseruerim
1197 3589 1289 3651 tu.

625 3710 744 3775 Vs.
792 3709 945 3790 665,
1001 3710 1109 3774 cui
1156 3710 1225 3774 in
1272 3708 1459 3774 libris
1508 3709 1777 3789 signum
1827 3708 2063 3774 militis
2109 3707 2586 3791 praemittitur,
2635 3708 2734 3772 ita

531 3831 615 3895 ab
688 3830 1009 3897 Ussmero
1078 3835 1411 3895 correctus
1481 3834 1608 3912 est,
1679 3833 1759 3894 ut
1835 3831 2012 3912 prior
2079 3846 2234 3912 pars
2303 3830 2734 3895 continuetur

530 3951 924 4035 Curculioni‚
992 3969 1149 4033 pars
1194 3950 1405 4017 altera
1451 3952 1789 4017 tribuatur
1838 3951 2056 4031 militi,
2106 3951 2220 4033 qui
2269 3969 2366 4016 vs.
2415 3952 2547 4016 666
2594 3968 2733 4033 par-

530 4072 736 4138 ticula
782 4074 897 4137 sed
921 4074 1043 4151 (sic
1090 4077 1268 4138 recte
1292 4073 1602 4139 PIS'roms
1638 4091 1754 4153 pro
1784 4074 1869 4156 et)
1896 4073 1979 4138 ad
2025 4073 2224 4138 aliam
2271 4091 2412 4138 rem
2460 4074 2729 4138 transit.

586 4192 845 4280 ‘Gon‘rz
892 4212 994 4259 vs.
1044 4194 1173 4259 665
1222 4197 1443 4259 totum
1492 4195 1608 4258 dat
1659 4193 2087 4273 PhaedromO,
2139 4212 2256 4276 pro
2303 4212 2538 4260 verum
2580 4196 2734 4260 scri-

532 4317 694 4380 bens
752 4316 949 4380 ultro.
1000 4315 1182 4396 Quod
1227 4315 1740 4397 improbandum
1790 4331 1938 4380 esse
1985 4332 2100 4396 pro
2147 4320 2328 4382 certo
2373 4318 2539 4382 mihi
2583 4335 2730 4382 con·

530 4441 692 4503 stat.
746 4436 917 4502 Nam
964 4437 1287 4518 particula
1335 4437 1510 4502 ultro
1557 4438 1687 4502 huc
1735 4454 1868 4504 non
1909 4438 2227 4519 quadrat;
2267 4439 2508 4504 dicitur
2546 4440 2726 4505 enim
