3450 5350
1819 554 1906 619 88

938 732 1015 797 In
1066 733 1351 800 Velabro
1398 735 1506 801 vel
1552 735 1876 817 pistorem
1923 735 2031 802 vel
2084 734 2338 803 lanium
2383 738 2491 803 vel
2535 738 2955 820 haruspicem

937 854 1063 922 Vel
1128 856 1240 937 qui
1310 857 1440 938 ipsi
1510 860 1786 924 vortant
1856 857 1964 924 vel
2033 858 2146 939 qui
2210 858 2379 935 aliis,
2438 862 2517 925 ut
2578 864 2955 944 vorsentur,

2459 983 2865 1061 [praebeant.

846 1100 1027 1181 Quod
1095 1101 1259 1165 mihi
1321 1118 1455 1166 non
1515 1102 1776 1184 probari
1842 1103 2208 1183 apparebit.
2262 1103 2566 1170 Primum
2633 1104 2956 1169 disseren-

756 1222 916 1287 dum
990 1226 1098 1287 est
1173 1223 1257 1288 de
1340 1222 1825 1302 significatione
1907 1240 2146 1289 versus
2233 1224 2384 1305 484,
2473 1213 2543 1289 i'n
2635 1242 2765 1305 quo
2838 1242 2956 1306 pro

761 1343 947 1428 „aliis
1008 1348 1090 1410 ut
1150 1346 1553 1411 vorsentur”
1616 1346 1874 1411 codices
1917 1345 2171 1411 habent
2221 1345 2371 1431 „alii
2419 1346 2957 1411 subversenter”.

755 1465 937 1545 Quod
1007 1466 1104 1532 sic
1172 1467 1464 1549 explicat
1532 1466 1960 1533 Gssonovrus:
2039 1468 2223 1551 „Hoc
2289 1469 2415 1547 est,
2486 1465 2594 1533 vel
2655 1468 2771 1548 qui
2830 1467 2959 1549 ipsi

754 1591 1031 1653 vertant
1075 1607 1152 1655 ac
1198 1591 1472 1655 mutent
1516 1605 1770 1654 merces
1817 1587 2298 1653 munuscularii
2337 1589 2804 1669 negotiatores,
2850 1589 2959 1654 vel

753 1710 1117 1791 praebeant
1176 1712 1603 1777 institoribus
1656 1728 1928 1793 merceS‚
1979 1710 2220 1793 quibus
2265 1713 2624 1775 exerceant
2670 1711 2958 1790 negotia-

753 1831 1005 1897 tionem
1068 1831 1193 1897 sub
1254 1832 1423 1907 aliis,
1484 1849 1651 1914 quas
1720 1836 1995 1898 mutent
2042 1832 2461 1897 dominorum
2507 1832 2672 1897 vice.
2722 1831 2957 1898 Finxit

752 1953 935 2018 enim
994 1954 1401 2031 subversarz’,
1456 1958 1537 2019 ut
1580 1972 2044 2037 suppromum,
2093 1953 2578 2033 subballionem,
2629 1953 2736 2018 ille
2781 1956 2953 2036 apud

753 2073 1280 2155 Quinctilianum
1347 2075 1764 2155 subcoenant,
1809 2074 2111 2141 ‚Ovidius
2167 2074 2472 2139 subnuba
2535 2075 2742 2140 lecti’'.
2806 2076 2952 2142 Non

752 2200 983 2263 autem
1046 2198 1113 2263 id
1172 2171 1345 2279 quod
1407 2204 1605 2278 putat
1669 2198 2065 2287 Gnonovrus
2109 2214 2194 2263 ex
2241 2197 2370 2262 illis
2419 2197 2640 2264 verbis
2687 2200 2955 2265 extrahi

750 2334 949 2398 posse
1012 2336 1210 2384 nemo
1270 2337 1401 2384 non
1464 2318 1797 2398 intelligit.
1861 2318 2131 2385 L1Psrus
2191 2318 2472 2384 coniecit
2532 2319 2703 2399 quod
2752 2338 2956 2401 supra

752 2437 1143 2519 scripsimus
1188 2444 1467 2522 excepto
1514 2441 1686 2523 quod
1733 2441 1838 2507 ille
1886 2458 2003 2522 pro
2042 2444 2309 2506 vortant
2349 2440 2620 2522 scripsit
2657 2446 2954 2508 vorsant.

752 2558 1189 2628 Manifestum
1248 2564 1429 2629 enim
1493 2567 1601 2629 est
1655 2564 1834 2629 inter
1881 2580 1952 2629 se
1999 2564 2240 2645 opponi
2285 2562 2615 2644 homineS,
2664 2565 2779 2645 qui
2826 2544 2955 2646 ipsi

750 2685 995 2766 aliquid
1059 2685 1315 2751 faciunt
1364 2690 1436 2751 et
1481 2686 1592 2768 qui
1640 2686 1790 2752 aliis
1834 2686 2114 2751 alicuius
2159 2687 2254 2751 rei
2299 2685 2639 2751 faciendae
2684 2686 2956 2753 faculta-

750 2811 893 2873 tem
946 2810 1301 2889 praebent.
1336 2809 1692 2889 Quaeritur
1740 2812 2031 2891 tantum,
2091 2808 2246 2890 quid
2292 2806 2447 2874 illud
2498 2808 2609 2873 sit.
2658 2805 2843 2889 Nego
2888 2810 2954 2874 id

749 2947 917 3007 esse,
974 2931 1145 3012 quod
1193 2932 1559 2997 arbitratur
1607 2931 1980 2996 Farnnnrcn
2009 2929 2086 3008 ¹):
2142 2931 2286 3016 „die
2329 2931 2574 2997 andere
2621 2932 2783 2997 iiber
2830 2931 2952 2997 das

748 3053 869 3118 ohr
930 3054 1149 3118 hauen
1212 3053 1335 3136 (vel
1396 3055 1515 3134 qui
1565 3054 1703 3135 ipsi
1747 3055 2056 3132 vortant),
2105 3053 2261 3118 aber
2317 3089 2386 3098 —
2441 3052 2582 3118 sich
2629 3054 2800 3118 auch
2849 3070 2954 3133 ge-

747 3175 1102 3254 legentlich
1160 3174 1371 3239 selbst
1434 3190 1561 3239 von
1624 3173 1876 3239 andern
1931 3174 2190 3240 hinters
2234 3173 2397 3239 licht
2441 3173 2680 3239 fuhren
2729 3175 2950 3240 lassen

748 3298 871 3375 (vel
934 3299 1051 3378 qui
1109 3296 1285 3372 alite,
1350 3299 1426 3360 ut
1483 3299 1860 3378 vorsentur,
1918 3296 2373 3378 praebeant)”.
2432 3297 2605 3362 Nam
2652 3297 2723 3362 in
2771 3315 2956 3379 prae-

747 3419 945 3485 bendi
1015 3418 1215 3484 verbo
1282 3418 1530 3500 aliquid
1602 3419 1784 3485 inest
1853 3419 2251 3500 voluntarii3
2325 3436 2520 3484 nemo
2581 3423 2814 3485 autem
2879 3439 2952 3486 se

746 3542 1041 3622 praebet,
1114 3543 1191 3604 ut
1258 3540 1649 3621 decipiatur.
1718 3541 1925 3606 Recte
1994 3557 2153 3605 vero
2221 3539 2487 3605 JORDAN
2515 3537 2569 3622 2)
2641 3557 2743 3606 vs.
2817 3541 2948 3606 483

747 3661 970 3727 delens
1031 3677 1308 3727 versum
1371 3662 1500 3725 484
1566 3661 1914 3740 coniungit
1973 3679 2129 3726 cum
2182 3678 2282 3725 vs.
2335 3661 2485 3724 482.
2533 3661 2718 3741 Quod
2764 3661 2949 3728 enim

746 3782 1090 3848 contendit
1152 3783 1524 3848 annmcn
1585 3785 1871 3863 pistores
1917 3785 1987 3847 et
2032 3781 2244 3848 lanios
2290 3784 2361 3847 et
2406 3783 2793 3864 haruspices
2840 3784 2950 3850 ho·

747 3905 1009 3969 minum
1068 3921 1217 3970 esse
1278 3920 1521 3984 genera
1582 3904 1942 3970 admodum
2000 3902 2336 3986 Plautina,
2382 3903 2552 3986 'quae
2599 3907 2653 3970 si
2706 3906 2775 3970 in
2824 3907 2950 3972 hac

744 4017 986 4091 scaena
1046 4043 1181 4091 non
1244 4029 1796 4107 memorarentur,
1861 4028 2121 4092 certum
2178 4025 2570 4092 adfuturum
2617 4013 2945 4094 indicium

814 4314 871 4382 1)
906 4312 941 4366 1.
978 4310 1013 4366 1.
1050 4329 1101 4382 p.
1140 4313 1262 4366 712.

814 4401 870 4468 2)
907 4398 939 4452 ι.
977 4399 1011 4453 1.
1050 4416 1100 4469 p.
1138 4399 1242 4452 123
1280 4416 1354 4469 sq.
