3450 5350
1809 599 1934 665 138

950 781 1079 845 PL.
1127 780 1365 845 Libera
1412 796 1531 861 ego
1568 799 1720 847 sum
1761 784 1944 847 nata.
1987 781 2058 846 C.
2101 782 2190 847 Et
2228 780 2339 847 alii
2376 780 2595 855 multi,
2635 781 2749 861 qui
2789 797 2968 845 1111116

2523 902 2876 980 [serviunt.

950 1026 1091 1091 PH.
1159 1025 1356 1090 Enim
1406 1006 1563 1091 vero
1606 1026 1874 1090 irascor.
1923 1024 1994 1089 O.
2044 1024 2201 1089 Dixi
2246 1024 2552 1105 equidem
2597 1023 2745 1100 tibi,
2792 1022 2968 1087 unde

2013 1146 2119 1223 [ad
2168 1162 2276 1211 me
2322 1145 2428 1211 hio
2473 1144 2874 1226 pervenerit.

953 1269 1275 1350 Quotiens
1308 1268 1659 1333 dicendum
1682 1272 1790 1333 est
1807 1270 1841 1332 i>
1865 1267 2032 1333 elusi
2055 1267 2359 1344 militem,
2386 1266 2681 1349 inquam,
2711 1266 2780 1330 in
2805 1265 2966 1331 alea.

865 1391 984 1456 Vs.
1051 1390 1181 1455 600
1244 1390 1545 1455 1111366611
1590 1388 1639 1472 ¹)
1700 1390 1939 1454 verba:
2011 1388 2234 1472 „nulla
2287 1393 2394 1453 est
2440 1388 2607 1453 mihi
2651 1405 2708 1453 e.
2757 1406 2818 1468 q.
2867 1387 2967 1452 s.''

772 1511 925 1577 vult
972 1512 1127 1575 dare
1174 1512 1498 1591 parasito:
1552 1527 1665 1595 „es
1713 1510 1983 1574 stimmt
2029 1510 2252 1575 weder
2289 1527 2374 1574 zu
2414 1511 2530 1575 der
2570 1509 2971 1587 Hingebung

773 1633 959 1697 eines
1052 1630 1447 1697 beflissenen
1540 1629 1944 1696 Liebhabers
2035 1632 2204 1696 noch
2294 1649 2379 1695 zu
2469 1630 2583 1694 der
2665 1629 2972 1708 Haltung

770 1756 955 1820 eines
1012 1755 1267 1835 jungen
1327 1752 1609 1818 Mannes
1664 1770 1798 1817 von
1847 1752 2119 1828 Stande,
2167 1753 2290 1817 auf
2327 1752 2433 1817 die
2480 1752 2972 1829 Versioherung

770 1892 1019 1955 ‘magna
1082 1893 1193 1939 res
1248 1877 1341 1939 est
1404 1878 1505 1952 (es
1564 1874 1832 1939 kommt
1894 1873 2027 1937 viel
2088 1873 2330 1937 darauf
2383 1873 2498 1956 611)
2559 1873 2688 1937 mit
2749 1853 2992 1937 einem'

772 1996 1091 2061 scurrilen
1156 1993 1525 2077 Wortspiel
1572 2013 1657 2059 zu
1703 1997 2109 2075 antworten,
2159 1993 2446 2060 welches
2494 1994 2682 2059 nicht
2726 1991 2972 2058 einmal

771 2117 1051 2197 zutrifft,
1114 2118 1287 2182 denn
1353 2118 1475 2183 das
1536 2115 1717 2199 Geld,
1785 2115 1909 2180 auf
1961 2115 2246 2181 welches
2307 2116 2522 2180 dieser
2570 2114 2812 2179 Scherz
2859 2130 2969 2178 an·

772 2238 991 2320 spielt,
1051 2238 1173 2303 hat
1218 2256 1290 2303 er
1336 2238 1711 2319 iiberhaupt
1758 2237 1978 2302 weder
2023 2235 2232 2302 selbst
2277 2238 2346 2301 in
2394 2236 2678 2301 Handen
2725 2236 2972 2314 gehabt

772 2360 942 2425 noch
990 2359 1399 2439 demzufolge
1442 2360 1778 2439 ausgeben
1823 2360 2111 2424 konnen.
2167 2358 2305 2423 Das
2352 2375 2494 2422 war
2536 2358 2608 2439 ja
2653 2356 2973 2422 vielmehr

774 2482 1100 2562 Curculio,
1163 2482 1301 2546 und
1354 2482 1515 2561 ihm,
1566 2481 1681 2545 der
1729 2449 1834 2545 bei
1881 2480 2063 2545 Seite
2110 2481 2392 2545 steliend
2442 2480 2598 2545 oder
2643 2479 2783 2543 61611
2829 2494 2970 2541 11111·

772 2603 1097 2670 wendend
1156 2604 1259 2669 die
1320 2603 1594 2682 eifrigen
1658 2602 1898 2667 Worte
1943 2602 2058 2666 der
2105 2601 2489 2667 Planesium
2537 2617 2973 2665 vernommen

772 2726 909 2809 hat,
966 2726 1255 2804 geziemt
1316 2724 1495 2790 diese
1558 2725 1894 2789 durohaus
1946 2724 2474 2805 parasitenhafte
2521 2722 2975 2788 Zwisehenbe-

773 2846 1168 2926 merkung”.
1210 2846 1646 2926 Nequaquam
1684 2846 1830 2910 viro
1869 2846 2063 2910 docto
2093 2844 2442 2925 astipulari
2464 2861 2760 2925 possum.
2802 2844 2976 2909 Nam

772 2969 945 3049 quod
992 2970 1191 3049 putat
1236 2965 1437 3032 alludi
1480 2967 1562 3031 ad
1608 2970 1988 3046 argentum,
2026 2966 2200 3046 quod
2240 2982 2357 3046 pro
2395 2965 2699 3030 Planesio
2738 2965 2974 3030 datum

773 3089 881 3171 sit,
933 3090 1057 3153 hoo
1103 3103 1292 3166 nego,
1342 3103 1553 3168 neque
1599 3085 1755 3151 illud
1803 3085 2108 3151 Curculio
2149 3087 2364 3164 magis
2403 3087 2628 3152 tenuit
2665 3086 2975 3152 manibus

774 3227 977 3292 quam
1026 3209 1513 3274 Phaedromus:
1564 3207 1861 3272 solutum
1907 3209 2014 3272 est
2055 3225 2097 3271 a
2145 3207 2494 3288 trapezita.
2543 3207 2773 3288 Neque
2809 3207 2974 3273 11666

774 3330 1055 3411 pecunia
1100 3331 1227 3394 dici
1266 3331 1531 3410 poterat
1576 3328 2035 3407 absumpta
2079 3343 2248 3392 esse.
2290 3326 2517 3392 Aliam
2551 3327 2758 3406 igitur
2795 3346 2971 3410 speo-

774 3452 905 3516 tari
966 3451 1317 3532 pecuniam
1382 3451 1822 3515 manifestum
1883 3453 2008 3514 est.
2067 3448 2217 3513 Non
2265 3452 2492 3514 autem
2543 3453 2649 3514 est
2697 3451 2976 3530 parasiti

776 3591 1101 3654 umquam
1162 3573 1531 3654 possedisse
1595 3567 1968 3653 pecuniam.
2021 3568 2240 3635 Verba
2286 3571 2558 3635 omnino
2605 3573 2766 3653 apta
2812 3575 2974 3637 sunt

776 3695 1019 3775 iuveni,
1070 3711 1268 3774 quem
1318 3694 1416 3758 ita
1462 3693 1717 3757 vixisse
1764 3696 1842 3756 ut
1881 3691 2081 3756 multi
2121 3690 2367 3755 vivunt
2403 3690 2702 3772 iuveneS‚
2747 3693 2975 3758 talem·

776 3833 905 3896 que
965 3816 1173 3881 fuisse
1230 3815 1459 3896 quales
1522 3815 1667 3879 61116
1729 3813 1928 3878 dubio
1983 3812 2180 3877 multi
2243 3811 2516 3876 fuerunt
2575 3812 2751 3876 inter
2799 3830 2979 3894 speo-

778 3941 1053 4018 tatoreS‚
1082 3936 1237 4017 quid
1278 3935 1578 3999 mirum?
1619 3935 2037 4014 Quamquam
2077 3932 2379 4012 concedo,
2423 3932 2481 3996 si
2521 3933 2984 4014 psychologiae

779 4061 1111 4124 rationem
1171 4058 1560 4130 habeamus,
1622 4055 1732 4121 illa
1792 4057 1995 4120 verba
2054 4071 2184 4119 non
2240 4071 2388 4120 esse
2433 4054 2726 4120 hominis
2773 4055 2986 4120 amori

780 4181 1016 4260 dediti3
1058 4180 1171 4244 sed
1210 4180 1374 4244 talia
1413 4178 1683 4259 saepius
1723 4176 1901 4259 apud
1938 4168 2256 4241 Plautum
2291 4177 2758 4253 observantur,
2782 4180 2986 4258 atque

855 4438 910 4505 l)
948 4434 982 4491 l.
1020 4434 1055 4489 l.
1091 4454 1143 4507 p.
1181 4435 1263 4490 91.
