3450 5350
1813 555 1901 620 70

757 740 960 804 verba
1030 737 1310 824 „dedisti
1369 741 1448 803 tu
1509 741 1865 817 argentum
1879 738 1958 802 ?'’
2020 741 2165 803 tam
2211 739 2373 819 apta
2418 737 2585 802 mihi
2636 736 2949 803 videntur

753 877 956 942 quam
1016 860 1075 924 si
1133 859 1203 924 in
1266 861 1817 941 praecedentibus
1880 859 2172 942 pretium
2232 863 2812 943 commemoratur,
2878 864 2949 926 et

754 982 875 1047 hoc
943 980 1169 1063 ipsum
1236 981 1529 1062 pretium
1596 984 2197 1047 commemoratum
2265 982 2695 1048 desideratur.
2756 980 2947 1048 Illam

753 1106 985 1168 autem
1036 1104 1443 1188 „orationem
1490 1102 1899 1185 pessimam'’
1946 1103 2252 1184 equidem
2297 1107 2573 1168 tantum
2618 1103 2687 1168 in
2730 1106 2947 1185 poste—

752 1224 908 1290 riori
968 1242 1208 1290 versus
1265 1228 1454 1306 parte
1513 1224 1961 1305 deprehendo:
2026 1225 2135 1320 „et
2177 1241 2295 1305 pro
2342 1224 2401 1288 is
2449 1240 2504 1289 e.
2531 1241 2593 1305 q.
2620 1224 2722 1289 εἶ’
2769 1225 2947 1305 Quae

757 1346 959 1410 verba
1013 1348 1159 1411 tam
1213 1345 1522 1424 languide
1569 1344 2117 1425 praecedentibus
2165 1344 2589 1420 adiiciuntur,
2636 1348 2718 1410 ut
2762 1346 2948 1424 origi-

754 1482 911 1532 nem
961 1466 1198 1532 debere
1244 1467 1601 1531 videantur
1646 1465 1879 1531 manui
1925 1466 2311 1546 interpretis
2338 1463 2413 1550 1),
2457 1465 2572 1547 qui
2618 1466 2949 1548 explicare

755 1586 991 1669 voluit,
1053 1604 1182 1668 quo
1242 1604 1344 1651 vs.
1409 1585 1541 1652 525
1602 1586 1830 1652 decem
1892 1586 2116 1652 minae
2178 1589 2505 1669 spectent.
2564 1590 2791 1670 Atque
2836 1588 2949 1653 illa

756 1708 959 1772 verba
1024 1707 1093 1771 in
1163 1708 1461 1786 margine
1530 1706 1827 1787 ascripta
1885 1711 2119 1788 postea
2178 1709 2467 1787 genuina
2530 1709 2753 1786 verba,
2801 1726 2857 1774 e.
2884 1727 2949 1791 g.

757 1828 918 1893 talia
964 1828 1134 1892 fere:
1189 1843 1426 1911 „omne
1472 1828 1788 1909 quidquid
1838 1828 2040 1894 habet
2085 1828 2429 1894 meumst”
2478 1830 2586 1912 (cf.
2635 1821 2737 1896 vs.
2788 1828 2947 1914 488)

754 1965 791 2014 e
839 1950 1039 2014 textu
1085 1949 1508 2031 expulerunt.
1988 1934 1990 1936 ’

827 2174 884 2242 1)
937 2171 1172 2228 Verbum
1217 2173 1516 2226 coac-cedunt
1561 2189 1666 2228 non
1710 2171 1831 2227 ideo
1877 2191 1961 2227 me
2004 2173 2232 2243 offendit,
2277 2173 2419 2244 quod
2453 2173 2579 2228 alibi
2614 2191 2719 2251 non
2755 2177 2944 2240 exstet,

755 2257 849 2314 sed
896 2257 1210 2330 praepositio
1247 2276 1326 2312 co·
1360 2258 1516 2340 plane
1550 2276 1705 2314 sensu
1743 2277 1908 2314 vacua
1944 2263 2041 2314 est.
2096 2261 2411 2340 Coaooedere·
2430 2260 2519 2330 (cf.
2554 2263 2823 2331 coaddere)
2858 2281 2948 2334 ap-

755 2344 952 2400 tissime
999 2343 1103 2398 dici
1149 2347 1338 2416 potest,
1374 2343 1420 2398 si
1455 2344 1600 2417 prius
1633 2343 1766 2400 aliae
1802 2363 1886 2400 res
1920 2345 2165 2402 accedere
2208 2346 2380 2402 dictae
2415 2350 2555 2414 sunt,
2593 2347 2733 2422 quod
2768 2353 2948 2404 nostro

754 2432 870 2487 loco
905 2449 1008 2486 non
1044 2433 1120 2486 fit.
2434 2455 2438 2460 ·
