3450 5350
1548 608 1635 673 53

485 791 1094 866 freundschaftlich‚
1143 792 1314 856 nach
1358 791 1507 856 dem
1559 791 1982 856 Grundsatze
2034 793 2280 858 ‘omnia
2318 793 2689 859 amicorum

486 910 913 988 communia’,
979 912 1134 978 dass
1193 929 1265 977 er
1326 911 1680 978 denselben
1732 901 2081 978 Uberfluss
2126 930 2215 978 an
2262 911 2727 1012 Geldmangel'

487 1035 656 1100 habe
701 1035 830 1100 wie
876 1032 1030 1100 du”.

580 1280 681 1328 vs.
732 1261 882 1326 337.
945 1261 1269 1337 Curculio,
1319 1265 1677 1343 postquam
1725 1262 2051 1343 comperit
2099 1261 2263 1327 nihil
2310 1280 2383 1328 se
2431 1264 2693 1344 argenti

490 1386 920 1465 accepturum
980 1399 1150 1458 esse,
1211 1383 1354 1448 abit
1415 1383 1498 1448 ad
1546 1385 1767 1449 forum
1815 1399 2009 1462 aegre
2056 1382 2275 1447 ferens
2321 1383 2572 1449 frustra
2620 1402 2693 1450 se

490 1504 776 1570 venisse.
849 1505 975 1570 Sed
1046 1505 1240 1585 plane
1308 1505 1741 1587 inexpectata
1808 1504 2042 1570 incidit
2109 1521 2237 1569 res.
2310 1505 2523 1585 Quam
2598 1505 2694 1571 sic

492 1629 722 1692 narrat
740 1650 753 1689 :

1843 1733 2043 1798 Forte
2089 1732 2341 1814 aspicio
2387 1732 2692 1797 militem.

671 1853 1040 1933 Aggredior
1087 1853 1449 1929 hominem,
1498 1851 1716 1918 saluto
1763 1852 2147 1919 adveniens.

585 1976 774 2042 Vidit
821 1975 1164 2042 SEYFFERT
1196 1973 1247 2058 ¹)
1294 1975 1474 2041 inter
1512 1975 1634 2041 hos
1675 1992 1914 2040 versus
1951 1975 2196 2056 aliquid
2238 1973 2692 2040 intercidisse:

498 2097 839 2186 „Curculio
902 2098 982 2164 de
1028 2098 1262 2176 milite,
1309 2098 1381 2162 in
1429 2114 1628 2179 quem
1676 2097 1746 2162 in
1795 2096 1989 2162 Caria
2036 2115 2109 2163 se
2154 2097 2465 2163 incidisse
2512 2095 2691 2178 dicit,

490 2220 589 2285 ita
649 2221 853 2286 verba
916 2220 1076 2285 facit
1138 2223 1218 2284 ut
1281 2219 1361 2285 de
1407 2220 1676 2286 homine
1723 2222 1795 2285 et
1842 2219 1970 2285 sibi
2016 2222 2089 2284 et
2136 2218 2544 2284 Phaedromo
2591 2234 2697 2283 no·

487 2342 777 2407 tissime.
843 2341 1052 2407 Cuius
1113 2340 1370 2422 militis,
1435 2345 1515 2406 ut
1567 2341 1761 2407 hodie
1808 2340 2029 2405 fabula
2075 2340 2145 2404 in
2191 2339 2377 2405 libris
2422 2339 2686 2418 legitur,

489 2480 824 2544 nusquam
871 2465 1029 2528 ante
1075 2463 1250 2528 hunc
1296 2460 1516 2528 locum
1564 2462 1641 2526 fit
1691 2460 1963 2527 mentio.
2035 2461 2209 2526 Fieri
2258 2479 2421 2527 sane
2467 2461 2688 2543 potuit

488 2584 558 2649 in
620 2585 718 2650 eis
763 2601 931 2665 quae
976 2585 1154 2650 inter
1197 2584 1280 2649 ΙΙ.
1333 2586 1392 2648 2.
1441 2586 1525 2649 23
1573 2589 1644 2651 61
1695 2583 1781 2648 24
1826 2583 2152 2649 excidisse
2196 2587 2375 2648 recte
2422 2583 2687 2648 videtur

487 2706 960 2772 Fleckeisenus
1021 2706 1349 2787 sensisse;
1407 2706 1522 2771 sed
1569 2706 1840 2772 etiamsi
1887 2704 2065 2771 sacta
2110 2708 2236 2780 est,
2287 2713 2521 2771 tamen
2567 2705 2684 2769 vix

486 2827 602 2909 ita,
653 2830 733 2892 ut
780 2826 1233 2893 Phaedromus
1280 2827 1604 2893 adfuerit:
1655 2844 1816 2892 nam
1861 2844 1993 2907 qua
2039 2827 2167 2892 alia
2211 2827 2291 2891 de
2328 2843 2533 2891 causa
2570 2826 2685 2893 mi·

483 2947 624 3013 litis
667 2948 966 3013 absentis
1013 2949 1424 3015 Phaedromo
1471 2952 1825 3035 praesente
1874 2948 2127 3013 mentio
2172 2948 2473 3013 facienda
2517 2918 2682 3028 erat,

485 3070 616 3135 nisi
662 3072 743 3135 ut
788 3070 978 3135 illum
1019 3070 1400 3137 Planesium
1439 3072 1726 3137 amicam
1767 3070 2143 3136 destinasse
2182 3071 2420 3135 certior
2443 3071 2634 3136 fieret
2650 3070 2685 3135 Ῥ

485 3190 582 3256 De
643 3191 767 3257 hac
826 3193 1058 3257 autem
1112 3182 1182 3257 re
1230 3192 1718 3259 Phaedromum
1767 3192 1933 3258 nihil
1979 3194 2397 3273 compertum
2444 3191 2685 3258 habere

485 3312 636 3377 inde
695 3316 974 3394 apparet
1035 3314 1205 3393 quod
1268 3314 1351 3378 ΙΙ.
1402 3314 1464 3377 3.
1518 3314 1602 3379 78
1661 3312 1946 3378 militem
1993 3313 2063 3377 in
2110 3314 2254 3378 alea
2302 3312 2683 3378 Planesium

484 3436 561 3497 ut
628 3448 890 3499 amores
959 3450 1118 3499 suos
1184 3434 1605 3500 invocavisse
1675 3435 1957 3500 audiens
2018 3435 2316 3500 maxime
2376 3434 2680 3499 miratur.

484 3552 713 3635 Neque
768 3554 975 3633 igitur
1020 3554 1288 3620 videtur
1334 3554 1638 3621 Curculio
1684 3555 1831 3621 sine
1876 3555 2005 3621 alia
2052 3559 2231 3631 nota,
2279 3572 2365 3620 ne
2412 3556 2683 3621 nomine

482 3676 750 3755 quidem
795 3676 1050 3753 addim,
1099 3680 1178 3741 ut
1227 3679 1466 3742 notum
1513 3678 1852 3743 hominem
1900 3694 2097 3758 posse
2141 3694 2680 3743 commemorare.

484 3796 665 3877 Quae
712 3797 770 3861 si
817 3800 996 3862 recte
1045 3798 1394 3879 disputata
1439 3802 1623 3879 sunt,
1665 3797 1910 3879 aliquid
1948 3799 2125 3864 inter
2150 3816 2389 3864 versus
2417 3799 2681 3864 58—59

483 3918 809 3983 excidisse
859 3935 1124 3985 necesse
1171 3924 1298 4001 est,
1348 3921 1558 3987 fuisse
1603 3924 1836 3986 autem
1878 3922 2099 4002 potest
2138 3918 2271 3985 tale
2310 3920 2467 4001 quid
2507 3921 2677 3986 fere:

2304 4040 2590 4106 militem

487 4161 1186 4243 [Therapontigonum‚
1235 4165 1347 4245 qui
1391 4181 1568 4229 anno
1614 4167 1761 4228 erat
1804 4163 1946 4228 hic:
1989 4162 2339 4228 novistin?
2378 4197 2462 4263 .''
2508 4162 2680 4228 Novi

2242 4287 2314 4348 et
2359 4283 2585 4361 scio]’'.

554 4440 611 4506 1)
648 4436 796 4492 Stud.
835 4436 1008 4493 Plaut.
1045 4456 1096 4509 p.
1137 4439 1201 4491 15
1239 4456 1316 4510 sq.
