3450 5350
1829 592 1916 657 86

772 777 1021 841 norden
1084 793 1240 841 zum
1301 776 1532 857 forum
1585 778 1965 859 piscarium
2025 776 2164 841 und
2225 776 2459 842 weiter
2518 792 2639 839 zur
2682 774 2964 851 Subura,

772 897 936 963 dem·
962 897 1697 979 hauptaufenthaltsort
1735 898 1847 964 der
1885 898 2128 964 reifern
2157 897 2388 963 dirnen
2415 899 2654 974 (scorta
2676 896 2964 973 exoleta),

772 1018 877 1084 die
937 1036 1070 1086 von
1134 1019 1283 1085 dort
1340 1037 1465 1085 aus
1526 1037 1685 1085 zum
1746 1020 1965 1085 forum
2025 1020 2563 1084 hinabstromten
2631 1018 2765 1083 und
2821 1016 2964 1083 sich

772 1138 912 1204 hier
972 1157 1060 1205 an
1123 1140 1251 1205 den
1313 1139 1890 1206 wechslertischen
1945 1140 2164 1223 (Truc.
2215 1140 2299 1204 66
2348 1139 2422 1223 f.)
2470 1139 2962 1219 niederlieszen,

772 1276 972 1325 wenn
1003 1261 1100 1325 sie
1125 1261 1240 1327 des
1261 1261 1813 1328 herumstreifens
1837 1260 2036 1326 mude
2059 1260 2350 1325 waren'’.
2398 1260 2570 1339 Ergo
2594 1260 2967 1325 annmon

772 1398 1031 1463 quoque
1092 1386 1313 1449 scorta
1372 1382 1549 1464 apud
1608 1382 2020 1462 argentarias
2081 1382 2375 1463 quaerit;
2438 1381 2682 1448 ibidem
2734 1383 2968 1446 autem

772 1509 973 1567 erunt
1018 1503 1233 1569 deleto
1278 1521 1477 1569 versu
1522 1507 1756 1569 nostro
1804 1503 2156 1569 mendaces
2203 1506 2273 1569 et
2313 1502 2610 1583 gloriosi3
2655 1500 2769 1583 qui
2807 1500 2966 1583 quid

772 1622 864 1687 ibi
909 1623 1199 1690 habeant
1245 1624 1514 1704 negotii,
1561 1640 1834 1705 prorsus
1880 1641 1988 1689 me
2033 1624 2223 1689 latet.
2281 1623 2717 1689 Manifestum
2762 1622 2969 1702 igitur

772 1746 881 1811 est
926 1762 1128 1809 versu
1173 1761 1396 1811 carere
1441 1762 1565 1811 nos
1610 1762 1745 1810 non
1791 1761 2005 1827 posse.

865 1864 1012 1930 Non
1074 1868 1307 1931 autem
1368 1866 1490 1943 bis,
1554 1866 1670 1933 sed
1733 1867 1935 1933 etiam
1991 1870 2094 1932 ter
2137 1866 2316 1933 idem
2361 1866 2711 1932 hominum
2755 1880 2970 1945 genus

773 1989 1277 2054 commemorari
1367 1989 1721 2054 existimat
1809 1988 2216 2054 annmcnz
2315 1988 2521 2075 „auch
2616 1986 2967 2053 weiterhin

774 2108 1156 2189 (472-474
1202 2111 1319 2191 leq.
1368 2111 1752 2192 477-479)
1796 2110 1966 2177 nach
2012 2110 2162 2176 dem
2209 2110 2611 2191 Capitolium
2657 2128 2742 2176 zu
2789 2109 2966 2174 ober-

773 2227 926 2293 halb
984 2229 1101 2294 des
1148 2232 1331 2295 lacus
1384 2230 1661 2295 Curtius
1705 2231 1799 2296 ist
1844 2231 1939 2295 im
1986 2231 2459 2297 wesentlichen
2505 2229 2808 2297 dasselbe
2852 2247 2967 2311 pu-

775 2348 1085 2415 blicum”.
1136 2350 1515 2417 Versantur
1558 2352 1743 2418 enim

958 2471 1379 2538 confidentes
1424 2473 1800 2554 garrulique
1846 2475 1915 2539 et
1961 2473 2268 2540 malevoli
2313 2491 2516 2554 supra
2563 2474 2808 2554 lacum,

956 2593 1081 2675 Qui
1125 2593 1319 2660 alteri
1365 2594 1445 2658 de
1490 2592 1691 2660 nihilo
1738 2594 2055 2660 audacter
2102 2595 2334 2660 dicunt
2379 2594 2858 2662 contumeliam

955 2716 1041 2784 Et
1086 2717 1198 2798 qui
1244 2716 1373 2796 ipsi
1420 2720 1531 2781 sat
1576 2716 1828 2782 habent
1866 2718 2038 2799 quod
2076 2718 2146 2782 in
2186 2736 2259 2785 se
2299 2719 2514 2800 possit
2554 2734 2710 2784 vere
2747 2717 2968 2782 dicier.

865 2838 965 2902 Ne
1025 2838 1094 2902 hi
1147 2837 1416 2919 quidem
1460 2837 1661 2904 iidem
1708 2840 1873 2904 sunt
1920 2844 2123 2921 atque
2169 2841 2520 2906 mendaces
2565 2842 2636 2904 et
2682 2837 2971 2918 gloriosi.

776 2959 948 3025 Sunt
1010 2959 1313 3024 homines
1374 2960 1616 3025 curiosi
1674 2960 2132 3043 loquacesque‚
2194 2962 2307 3043 qui
2367 2961 2508 3027 sola
2566 2959 2972 3040 loquacitate

776 3079 1029 3146 inducti
1073 3079 1268 3144 alteri
1313 3080 1720 3146 maledicunt
1767 3081 1792 3164 (
1801 3082 1920 3166 „de
1960 3080 2162 3147 nihilo
2201 3082 2515 3146 audacter
2554 3080 2787 3145 dicunt
2825 3095 2970 3144 con-

778 3198 1219 3284 tumeliam”).
1270 3200 1367 3266 Of.
1417 3201 1621 3266 Stich.
1678 3202 1804 3266 198
1827 3219 1968 3282 sqq.
2012 3203 2164 3266 Ideo
2203 3201 2501 3282 suspicor
2537 3201 2754 3265 sorum
2795 3216 2974 3266 sum·

776 3339 965 3387 mum
1027 3339 1141 3387 eos
1199 3323 1636 3402 quaesivisse,
1682 3340 1811 3404 quo
1860 3323 2074 3402 magis
2121 3321 2343 3387 studio
2391 3321 2662 3386 videndi
2708 3321 2976 3402 loquen-

776 3443 968 3524 dique
1032 3442 1369 3522 indulgere
1436 3446 1747 3525 possent;
1819 3443 1909 3508 ibi
1977 3443 2157 3507 enim
2226 3443 2599 3523 conspicere
2658 3444 2974 3523 poterant

776 3563 1099 3647 homines,
1161 3564 1276 3646 qui
1319 3564 1402 3629 ad
1448 3568 1822 3646 praetorem
1871 3564 2074 3647 ibant,
2125 3564 2239 3644 qui
2283 3564 2368 3629 iis
2412 3564 2666 3644 largam
2710 3563 2973 3645 praebe-

776 3687 943 3751 bant
988 3685 1449 3751 confabulandi
1498 3686 1872 3751 materiem.

867 3805 1039 3870 Cum
1083 3823 1185 3871 vs,
1236 3805 1367 3870 475
1415 3807 1595 3870 recte
1640 3809 1983 3886 comparat
2032 3806 2302 3871 Bnoxnn
2331 3803 2383 3888 ¹)
2430 3806 2559 3872 Cic.
2601 3807 2682 3872 de
2719 3823 2812 3872 or.
2853 3806 2972 3888 111,

782 3926 944 3992 133:
1023 3926 1170 4008 „M’.
1220 3944 1379 3992 vero
1424 3925 1774 3991 Manilium
1824 3904 1946 3992 nos
1990 3927 2198 3992 etiam
2246 3928 2539 3994 vidimus
2585 3932 2976 3994 transverso

774 4047 1232 4113 ambulantem
1278 4048 1449 4127 foro;
1500 4047 1673 4127 quod
1720 4050 1868 4111 erat
1910 4047 2173 4127 insigne
2217 4066 2391 4131 eum,
2441 4049 2556 4128 qui
2594 4048 2658 4112 id
2699 4049 2974 4122 faceret,

776 4168 985 4236 facere
1032 4168 1291 4233 civibus
1336 4167 1647 4233 omnibus
1692 4167 1952 4234 consilii
1996 4169 2102 4234 sui
2151 4169 2473 4250 copiam''.
2515 4167 2726 4248 Quem
2748 4166 2971 4233 locum

846 4426 904 4496 1)
940 4425 966 4478 Ι
1001 4442 1051 4496 p.
1090 4425 1210 4478 328.
