3450 5350
1237 1437 1913 1574 PRAEFATIO.

571 1996 754 2060 Inter
813 1995 1034 2060 Plauti
1097 1996 1355 2061 fabulas
1417 1998 1556 2060 tres
1591 1995 1734 2060 ,hac
1780 2011 1852 2059 re
1898 1994 2223 2060 notabiles
2268 1997 2451 2068 sunt,
2498 1993 2669 2074 quod

481 2117 692 2181 multo
778 2121 939 2182 sunt
1011 2117 1346 2182 breviores
1413 2133 1615 2196 quam
1685 2119 1946 2182 ceterae
2013 2131 2273 2180 omnes:
2346 2113 2673 2188 Curculio,

479 2239 811 2318 Epidicus,
863 2235 1132 2303 Stichus
1179 2237 1616 2316 (Cistellariae
1659 2238 1729 2302 in
1772 2238 2154 2302 recensione
2194 2235 2499 2301 Palatina
2534 2237 2671 2300 fere

481 2360 612 2422 600
659 2376 896 2424 versus
934 2359 1232 2442 periere).
1272 2359 1366 2424 De
1413 2359 1654 2440 quibus
1702 2361 1940 2440 sponte
1986 2375 2058 2423 se
2104 2357 2299 2422 offert
2344 2357 2665 2439 quaesti0‚

478 2483 711 2543 utrum
771 2480 866 2544 sic
924 2497 964 2542 a
1025 2479 1259 2544 Plauto
1306 2481 1594 2559 scriptae
1643 2480 1784 2544 sint
1831 2497 1916 2544 an
1964 2480 2047 2543 ab
2095 2479 2312 2559 aliquo
2358 2480 2670 2542 retracta-

479 2605 622 2665 tore
681 2600 750 2663 in
814 2600 1083 2663 brevius
1143 2603 1525 2666 contractae
1577 2619 1694 2665 alb
1713 2601 1996 2682 denique
2041 2617 2203 2664 casu
2248 2599 2464 2681 aliquo
2513 2616 2669 2664 non·

479 2721 661 2786 nulla
719 2720 1104 2786 exciderint.
1169 2722 1487 2802 Equidem
1535 2723 1616 2787 de
1663 2722 1931 2801 Epidico
1977 2721 2333 2802 Stichoqne
2380 2721 2487 2785 hic
2532 2738 2667 2786 non

477 2843 868 2923 disputab03
932 2858 1128 2919 agam
1183 2843 1651 2908 tantummodo
1698 2843 1777 2907 de
1835 2842 2244 2907 Curculione.
2309 2842 2520 2923 Quam
2577 2843 2668 2907 fa·

477 2962 699 3029 bulam
749 2963 946 3028 multi
992 2964 1121 3027 viri
1168 2964 1364 3039 docti,
1414 2964 1590 3028 inter
1634 2982 1801 3046 quos
1848 2968 2011 3029 sunt
2059 2964 2301 3040 domm,
2345 2964 2661 3047 RIBBEOK,

474 3088 780 3159 1111113311,
839 3087 994 3162 Lno,
1057 3090 1306 3168 putant
1365 3087 1670 3151 consulto
1732 3087 2150 3151 decurtatam
2213 3102 2377 3150 esse.
2440 3086 2667 3165 Atque

475 3224 556 3272 ne
603 3207 989 3272 recentioris
1036 3210 1309 3271 tantum
1357 3208 1604 3273 aetatis
1643 3208 1825 3272 viros
1862 3208 2090 3272 doctos
2129 3206 2489 3285 nominem,
2530 3205 2665 3269 iam

477 3326 688 3393 multo
748 3330 908 3393 ante
968 3328 1115 3392 illos
1178 3345 1500 3393 versuum
1555 3330 1967 3408 paucitatem
2012 3329 2298 3392 miratus
2344 3330 2491 3391 erat
2537 3326 2666 3391 GU-

475 3466 759 3513 LmLMus
821 3448 1199 3523 CANTERUS,
1264 3449 1378 3528 qui
1428 3450 1596 3514 Nov.
1647 3450 1829 3515 Lect.
1878 3448 1987 3514 lib.
2036 3450 2133 3513 IV
2180 3466 2319 3530 cap.
2375 3450 2457 3513 10
2505 3448 2681 3512 haec*

476 3570 732 3634 scribit:
788 3574 1026 3653 „atque
1071 3569 1387 3634 existimo
1432 3571 1743 3652 primum,
1796 3568 2253 3635 Curculionem
2292 3570 2664 3651 parasitum

476 3690 710 3757 habitu
752 3690 1038 3755 *nautico
1102 3707 1222 3755 seu
1284 3692 1561 3767 marino,
1627 3692 2160 3773 quandoquidem
2222 3709 2259 3756 e
2314 3692 2504 3757 Caria
2551 3708 2667 3772 per

479 3828 658 3875 mare
717 3811 1126 3891 Epidaurum
1179 3812 1545 3893 appulerat,
1595 3814 1678 3878 ad
1725 3813 2061 3895 Lyconem
2112 3812 2515 3894 trapezitam
2562 3828 2668 3875 ve·

441 3932 674 4005 nisse,
739 3935 816 3995 ut
876 3936 1066 4012 patet
1125 3950 1210 3997 ex
1271 3935 1491 3998 verbis
1538 3933 1845 4011 Choragi:
1901 3932 2329 4008 Ornamentm
2379 3950 2546 4013 quae
2590 3932 2669 3995 lo-

477 4054 636 4141 cavi,
688 4028 902 4115 metuo
950 4056 1026 4116 ut
1063 4055 1320 4133 possim
1366 4055 1690 4135 recipcre:
1738 4072 1815 4117 ac
1861 4057 2124 4134 pateret
2177 4055 2385 4117 etiam
2435 4053 2667 4131 magis,

477 4172 628 4247 nisi,
691 4172 863 4253 quod
927 4188 1188 4251 semper
1249 4174 1629 4253 suspicatus
1675 4192 1847 4255 sum,
1898 4174 2238 4255 aliquot
2284 4176 2354 4238 in
2402 4174 2525 4238 hac
2571 4190 2669 4236 co-

478 4293 736 4358 moedia
776 4309 1086 4358 scenae
1125 4294 1678 4373 desiderarentur,
1721 4297 1923 4359 actu
1956 4294 2231 4360 tertio
2255 4293 2670 4375 praesertim,

479 4416 592 4495 qui
639 4432 844 4479 unam
891 4416 1225 4479 duntaxat
1271 4414 1538 4479 habet.’'
1613 4416 1714 4479 Me
1753 4433 2013 4495 quoque
2051 4432 2319 4479 censere
2359 4415 2478 4479 hoc
2516 4415 2672 4477 actu

531 4531 534 4544 ’
2440 4533 2464 4580 1
