3450 5350
1805 602 1891 666 76.

839 776 1001 842 Post
1047 778 1518 861 halophantam
1539 782 1784 848 ,insero
1830 786 2054 849 autem
2100 780 2208 865 (cf.
2258 782 2462 847 Noun
2493 781 2942 867 „halofantam
3051 840 3056 843 ,

747 902 900 968 aut,
956 900 1549 986 sycophantam”):
1623 904 2160 988 „Halophantam
2221 906 2451 969 autem
2513 921 2600 968 an
2647 920 2704 968 e.
2731 921 2792 984 q.
2819 904 2941 985 s.'’;

748 1037 908 1085 nam
969 1030 1164 1100 aegre
1226 1023 1522 1089 desidero
1568 1025 1971 1104 particulam
2017 1025 2540 1091 adversativam.
2589 1022 2802 1089 Simul
2848 1024 2943 1090 sic

748 1142 1004 1207 tollitur
1049 1143 1295 1210 hiatus

838 1262 1145 1343 Singulos
1214 1265 1448 1331 deinde
1514 1265 1689 1332 locos
1761 1267 2084 1348 choragus
2152 1266 2426 1343 indicat,
2497 1267 2612 1332 ubi
2681 1266 2944 1346 singula

748 1386 1097 1452 hominum
1141 1388 1576 1453 inveniantur
1618 1405 1897 1470 genera3
1947 1389 2193 1469 periuri
2238 1389 2546 1455 homines
2588 1390 2946 1470 quaerendi

750 1512 915 1574 sunt
961 1509 1031 1573 in
1077 1510 1363 1594 comitio,
1415 1510 1456 1574 i.
1482 1528 1540 1575 0.
1588 1512 1763 1592 apud
1809 1514 2182 1593 praetorem
2201 1532 2218 1589 3
2269 1513 2351 1577 cf.
2378 1513 2578 1577 Poen.
2608 1512 2736 1577 583
2763 1528 2944 1593 sqq.;

748 1630 1099 1695 mendaces
1168 1633 1239 1695 et
1305 1630 1569 1709 gloriosi
1635 1632 1811 1714 apud
1883 1632 2226 1699 Cloacinae
2289 1651 2587 1699 sacrum:
2652 1636 2947 1699 oratores

678 1722 685 1738 ⁸
748 1750 855 1816 hic
914 1753 1202 1833 spectari
1263 1756 1443 1818 recte
1504 1753 1846 1836 perspexit
1908 1754 2212 1820 URLIOHS
2242 1754 2326 1837 ¹);
2389 1772 2547 1819 nam
2603 1753 2948 1819 Cloacinae

748 1890 1015 1939 sacrum
1074 1891 1273 1955 prope
1317 1876 1537 1939 rostra
1581 1877 1746 1941 erat.
1819 1875 1943 1955 Qui
1987 1879 2140 1940 tum
2187 1876 2490 1957 sequitur
2536 1892 2791 1956 versus,
2840 1873 2947 1938 hic

749 2011 1007 2076 quoque
1055 1994 1220 2060 viris
1265 1994 1480 2061 doctis
1525 1996 1820 2062 multum
1866 1995 2108 2063 laboris
2153 1997 2445 2080 peperit:

927 2115 1105 2181 Ditis
1150 2117 1507 2182 damnosos
1554 2118 1832 2183 maritos
1877 2119 2003 2183 sub
2050 2118 2320 2184 basilica
2365 2118 2682 2199 quaerito.

754 2242 759 2245 ’
839 2236 1139 2318 Plerique
1201 2238 1383 2304 enim
1429 2238 1558 2303 viri
1602 2238 1781 2303 docti
1826 2256 1943 2320 pro
1988 2242 2168 2305 certo
2215 2239 2465 2305 habent
2508 2239 2794 2321 primam
2839 2240 2944 2304 ba·

751 2359 1009 2425 silicam
1052 2362 1305 2426 Romae
1348 2360 1767 2427 aedificatam
1813 2378 1961 2427 esse
2006 2378 2047 2425 a
2094 2360 2344 2427 Catone
2389 2360 2635 2425 Maiore
2676 2376 2945 2425 censore

749 2498 809 2545 a.
856 2499 923 2546 u.
972 2498 1025 2545 c.
1094 2482 1241 2565 570,
1306 2483 1348 2547 i.
1397 2498 1453 2547 e.
1504 2500 1678 2549 anno
1725 2501 1855 2565 quo
1903 2488 2214 2548 mortuus
2259 2486 2365 2548 est
2412 2482 2710 2549 Plautus.
2763 2483 2944 2564 Quod

751 2604 810 2668 si
865 2604 965 2669 ita
1010 2607 1135 2687 est,
1184 2604 1506 2670 nimirum
1552 2622 1687 2670 non
1735 2609 1842 2671 est
1889 2603 2247 2671 verisimile
2293 2622 2394 2671 vs.
2444 2606 2573 2670 472
2621 2622 2662 2669 a
2707 2604 2947 2670 Plauto

748 2727 1078 2808 scriptum
1146 2743 1313 2793 esse.
1384 2727 1513 2793 Sed
1579 2728 1948 2805 videamUS‚
2009 2728 2333 2810 quomodo
2397 2746 2504 2794 res
2563 2745 2635 2794 se
2680 2729 2944 2811 habeat,

750 2847 1036 2929 quidque
1074 2848 1154 2914 de
1200 2865 1279 2915 ea
1324 2849 1654 2914 traditum
1702 2850 1811 2914 sit.
1857 2850 2106 2934 Livius,
2135 2867 2290 2915 cum
2328 2850 2399 2915 in
2429 2851 2750 2926 incendio,
2772 2850 2946 2932 quod

750 2986 811 3034 a.
864 2970 989 3034 544
1039 2970 1337 3051 pluribus
1385 2970 1588 3036 simul
1634 2970 1796 3036 locis
1841 2971 2014 3036 circa
2062 2970 2278 3036 forum
2327 2975 2555 3036 ortum
2594 2975 2758 3047 erat,
2800 2988 2945 3036 nar·

750 3091 956 3160 raudo
1018 3091 1352 3172 variisque
1410 3092 1572 3157 locis
1630 3092 1747 3173 qui
1807 3092 1917 3158 illo
1977 3093 2434 3173 comprehensi
2492 3092 2632 3157 sint
2661 3107 2943 3158 'enume-

751 3212 995 3294 randis,
1058 3213 1579 3293 praevertendae
1624 3211 1948 3278 lectorum
1995 3212 2458 3278 admirationis
2503 3230 2722 3296 causa,
2770 3213 2944 3294 quod

752 3333 1003 3399 nullam
1048 3331 1389 3398 basilicam
1435 3333 1982 3415 comprehensam
2016 3338 2512 3415 commemoret,
2555 3333 2625 3398 in
2649 3335 2944 3400 transitu

752 3455 917 3520 dixit
963 3457 1113 3520 tum
1161 3454 1457 3520 nondum
1504 3453 1808 3520 basilicas
1853 3455 2080 3535 fuisse,
2129 3457 2361 3520 narrat
2397 3455 2736 3536 XXXIX,
2765 3456 2870 3537 44,
2905 3459 2941 3522 7

753 3578 1075 3643 Catonem
1121 3575 1459 3642 basilicam
1504 3575 1762 3642 fecisse.
1811 3577 1992 3641 Haec
2038 3579 2203 3641 sunt
2248 3577 2424 3641 Livii
2469 3577 2706 3642 verba:
2739 3575 2943 3662 „Cato

752 3698 925 3765 atria
987 3698 1115 3763 duo
1174 3696 1511 3762 Maenium
1574 3700 1645 3762 et
1698 3697 1955 3762 Titium
2001 3697 2069 3761 in
2116 3695 2464 3762 lautumiis
2509 3699 2580 3762 et
2624 3700 2945 3779 quattuor

752 3820 1065 3904 tabernas
1125 3818 1196 3882 in
1257 3817 1593 3898 publicum
1654 3818 1841 3893 emit,
1903 3817 2371 3898 basilicamque
2418 3818 2511 3883 ibi
2554 3819 2729 3902 fecit,
2780 3835 2948 3899 quae

753 3939 980 4005 Porcia
1041 3937 1371 4018 appellata
1432 3937 1606 4002 est”.
1669 3938 1856 4002 Idem
1918 3940 2150 4002 narrat
2214 3937 2615 4004 Plutarchus
2674 3938 2745 4002 in
2808 3938 2952 4002 vita

756 4059 1031 4126 Catonis
1082 4059 1183 4141 19,
1235 4059 1347 4123 ubi
1394 4059 1473 4124 de
1520 4058 1663 4123 eius
1700 4057 2103 4124 adversariis
2125 4058 2288 4124 haec
2313 4062 2673 4124 memorat:
2705 4057 2958 4143 »πολλὰ

755 4178 815 4243 δὲ
878 4178 983 4242 καὶ
1043 4177 1189 4258 πρὸς
1239 4181 1347 4253 τὴν
1396 4185 1502 4251 τῆς
1556 4186 1891 4252 Βασιλικῆς
1942 4180 2331 4254 κατασκευὴν
2379 4178 2845 4257 ἠναντιώθησαν,
2896 4169 2963 4251 ἣν

828 4439 884 4508 1)
922 4437 1020 4492 Die
1058 4435 1287 4493 Macella
1322 4434 1416 4491 der
1456 4433 1739 4508 Republik.
1775 4432 2118 4488 Rheinisches
2154 4433 2400 4489 Museum
2442 4436 2574 4490 1868
2612 4452 2661 4505 p.
2701 4435 2784 4488 85.
