3450 5350
1230 1520 1235 1530 '
1309 1512 1683 1597 CAPUT
1747 1513 1898 1597 XI.

1036 2039 1137 2107 De
1183 2039 1623 2108 Curculionis
1669 2042 1832 2107 actu
1879 2041 2153 2121 quinto.

585 2258 683 2306 ve.
738 2240 866 2305 599
914 2260 1055 2323 sqq.
1136 2241 1439 2307 Curculio
1507 2242 1623 2307 vix
1692 2242 1872 2308 foras
1922 2260 1994 2307 se
2035 2242 2351 2325 abripuit,
2402 2246 2484 2306 ut
2536 2242 2695 2306 effu·

497 2361 637 2440 giat
695 2361 1099 2437 Planesium,
1162 2380 1352 2444 quae,
1399 2366 1757 2445 postquam
1819 2365 2171 2445 conspexit
2231 2362 2533 2437 anulum,
2591 2378 2698 2431 ne-

496 2483 685 2560 ganti
733 2499 805 2548 se
853 2482 1190 2548 dicturum
1223 2500 1405 2565 -esse,
1457 2484 1630 2549 unde
1677 2483 1868 2549 illum
1913 2484 2207 2566 haberet,
2249 2501 2406 2549 eum
2444 2484 2698 2563 eripere

497 2603 780 2671 volebat.
829 2606 1035 2686 Virgo
1080 2608 1309 2671 autem
1357 2623 1512 2671 cum
1567 2604 1976 2671 Phaedromo
2023 2606 2085 2670 ei
2130 2606 2379 2671 instat:

676 2727 802 2792 PL.
831 2727 1259 2805 Phaedrome,
1285 2744 1585 2810 propera.
1629 2728 1770 2792 PH.
1795 2728 1966 2809 Quid
1997 2729 2391 2810 properem?
2430 2727 2556 2792 PL.
2584 2727 2696 2793 Pa·

1658 2885 1666 2892 ·
1789 2850 2101 2929 [rasitum
2147 2866 2232 2915 ne
2277 2849 2603 2915 amiseris.

498 2971 629 3036 600
676 2970 917 3050 Magna
961 2986 1069 3036 res
1106 2973 1231 3035 est.
1271 2971 1413 3036 PH.
1457 2969 1655 3036 Nulla
1692 2973 1800 3036 est
1838 2971 2022 3054 mihi,
2065 2988 2223 3036 nam
2247 2987 2449 3051 quam
2475 2969 2697 3045 habui,

1873 3091 2242 3171 [absumpsi
2286 3090 2605 3156 celeriter.

678 3211 807 3276 PL.
871 3213 1107 3278 Teneo.
1172 3213 1311 3278 PH.
1379 3212 1547 3293 Quid
1609 3213 1906 3292 negotist
1924 3213 1959 3277 ?
2019 3210 2145 3276 PL.
2212 3212 2472 3295 Rogita,
2522 3213 2698 3277 unde

1718 3334 1969 3412 [istunc
2015 3333 2260 3398 habeat
2303 3332 2604 3398 anulum.

677 3456 875 3521 Pater
917 3455 1129 3522 istum
1162 3471 1355 3521 meus
1393 3455 1749 3535 gestitavit
1787 3473 1828 3516 ηε
1869 3454 1938 3520 Ο.
1978 3455 2078 3519 At
2118 3472 2270 3520 mea
2309 3457 2694 3520 matertera.

678 3577 805 3641 PL.
856 3577 1071 3642 Mater
1130 3577 1186 3643 ei
1246 3576 1574 3641 utendum
1626 3576 1918 3643 dederat.
1965 3575 2036 3640 C.
2086 3576 2288 3641 Pater
2311 3572 2352 3645 †
2400 3577 2547 3641 uois
2595 3593 2696 3641 ru·

1030 3755 1035 3760 .
2258 3714 2414 3764 sum
2461 3697 2603 3762 tibi.

680 3817 807 3882 PL.
872 3818 1101 3897 Nugas
1158 3817 1389 3897 garris.
1453 3817 1523 3883 C.
1586 3781 1794 3894 Soleo,
1850 3835 2011 3883 nam
2059 3698 2328 3900 propger
2373 3834 2488 3883 eas
2537 3819 2696 3884 vivo

2305 3938 2604 4018 [facilius.

496 4061 631 4125 605
676 4060 803 4126 PL.
868 4060 1036 4141 Quid
1101 4061 1331 4126 nunc?
1391 4061 1679 4141 obsecr0,
1754 4062 2068 4139 parentes
2135 4077 2222 4125 ne
2284 4077 2469 4126 meos
2530 4060 2695 4126 mihi

2215 4183 2602 4264 [prohibeas

680 4304 750 4371 Ο.
816 4304 984 4386 Quid
1043 4305 1213 4386 ego?
1268 4305 1395 4370 sub
1454 4319 1809 4383 gemmane
1853 4275 2204 4370 abstrusos
2249 4305 2458 4370 habeo
2503 4308 2696 4369 tuam

1818 4427 2127 4504 [matrem
2177 4431 2246 4491 et
2294 4421 2600 4508 patrem?
