3450 5350
1567 624 1651 690 59

503 805 710 888 cred0‚
777 808 858 869 ut
921 806 1033 886 qui
1089 807 1468 872 sententiae
1513 806 2036 872 concinnitatem
2085 803 2395 871 turbent:
2439 807 2565 872 aut
2611 803 2704 868 in-

502 925 935 1004 terpolatione
979 928 1102 990 aut
1147 925 1405 991 lacunis
1451 927 1826 992 laborant.'’
1922 918 1927 924 ’
2062 922 2066 926 ’
2559 988 2568 998 .

591 1045 699 1110 De'
757 1041 1062 1112 versibus
1131 1048 1245 1129 qui
1316 1049 1630 1129 leguntur
1699 1043 1909 1130 usque
1976 1051 2059 1114 ad
2125 1050 2277 1124 376,
2325 1047 2705 1128 opinionem

504 1185 722 1233 meam
741 1171 746 1174 ’
762 1169 897 1233 iam
936 1169 1276 1250 proposui3
1305 1164 1835 1252 contemplemur
1860 1189 2040 1237 nunc
2065 1187 2301 1236 versus
2327 1171 2701 1250 sequentes.

502 1288 601 1353 Ut
646 1289 918 1354 initium
965 1289 1206 1356 faciam
1252 1309 1291 1356 a
1339 1309 1439 1357 νε.
1493 1291 1867 1372 377—379,
1920 1291 2003 1356 de
2040 1291 2145 1356 his
2184 1309 2319 1356 non
2357 1290 2525 1355 facio
2547 1306 2702 1354 cum

503 1412 869 1477 RIBBncxro
915 1411 1331 1494 Lnomoque:
1381 1410 1516 1479 non
1566 1414 1731 1478 mihi
1772 1413 2090 1479 videntur
2126 1410 2391 1479 aliunde
2429 1412 2698 1492 ascripti

500 1549 667 1597 esse.
733 1532 802 1598 Si
863 1533 1222 1599 creditores
1283 1534 1488 1600 nimis
1548 1535 1815 1600 molesti
1876 1538 2098 1617 erunt,
2142 1525 2494 1615 'trapezita
2558 1533 2704 1597 vult

501 1653 759 1720 solvere
805 1655 979 1737 apud
1020 1656 1414 1737 praetorem.
1459 1657 1639 1738 Quod
1663 1658 1969 1723 facturus
1994 1661 2119 1738 est,
2149 1657 2271 1722 hac
2294 1673 2365 1721 re
2380 1644 2699 1738 defendit,

503 1775 672 1856 quod
719 1777 830 1840 alii
879 1777 1239 1856 argentarii
1286 1777 1462 1844 idem
1503 1779 1779 1844 faciunt.
1829 1778 2012 1861 Quod
2036 1771 2301 1844 ‘attinet
2338 1778 2424 1842 ad
2461 1778 2699 1842 verba:

507 1901 626 1974 „ut
687 1897 858 1964 alius
919 1899 1123 1964 alium
1184 1901 1509 1981 poscant''
1573 1902 1656 1966 cf.
1721 1919 1821 1967 νε.
1890 1903 2055 1968 682:
2112 1917 2389 1986 „omnes
2432 1883 2702 1964 mensas

502 2019 844 2094 transiit’'‚
908 2021 1022 2086 ubi
1080 2039 1316 2087 revera
1375 2019 1553 2104 Lyco
1615 2023 1853 2090 fecisse
1914 2023 2175 2097 dicitur,
2239 2022 2409 2102 quod
2473 2022 2702 2086 nostro

500 2139 638 2206 loco
685 2139 1030 2222 plerosque
1075 2141 1490 2221 argentarios
1535 2137 1753 2208 facere
1790 2142 1971 2207 dicit.
2022 2143 2141 2208 Vs.
2186 2142 2317 2206 379
2354 2141 2533 2206 risus
2571 2157 2701 2204 mo·

503 2257 701 2328 ven'di
761 2265 977 2342 gratia
1039 2264 1366 2346 scriptum
1430 2281 1578 2330 esse
1623 2269 1807 2345 puto.
1880 2265 2089 2344 Fingo
2136 2263 2318 2330 enim
2364 2263 2703 2346 Lyconem

500 2384 841 2449 hominem
903 2402 1052 2451 esse
1110 2387 1243 2452 levi
1289 2387 1684 2468 infirmaque
1733 2389 2020 2463 statura,
2069 2389 2139 2452 et
2187 2377 2392 2468 quare
2438 2385 2561 2448 hoc
2590 2399 2705 2448 -ar-

502 2508 726 2586 bitror,
775 2509 950 2574 infra
996 2509 1234 2574 dicam.
1284 2508 1466 2590 Quod
1513 2510 1572 2575 si
1611 2527 1849 2575 verum
1888 2514 2013 2586 est,
2058 2511 2115 2576 si
2154 2511 2471 2588 fingimus
2495 2507 2701 2572 talem

503 2629 844 2696 hominem
881 2623 1001 2696 ¹illa
1048 2632 1252 2697 verba
1298 2631 1512 2699 dicere
1559 2631 2027 2698 ostendent-em
2074 2647 2356 2697 manum
2380 2645 2702 2711 compres-

501 2768 669 2825 sam,
740 2769 978 2818 versus
1046 2750 1258 2819 risum
1329 2770 1600 2819 movere
1669 2746 1915 2835 potest.
1982 2752 2213 2818 Sermo
2276 2745 2545 2832 quidem
2610 2750 2705 2814 sic

500 2872 814 2951 procedit,
857 2877 936 2938 ut
975 2874 1136 2940 dicit
1175 2874 1328 2955 Lno,
1356 2874 1468 2940 sed
1496 2893 1630 2940 non
1655 2876 1971 2939 turbatur
2000 2873 2300 2938 versibus
2324 2874 2451 2938 377
2469 2870 2631 2936 —37
2640 2872 2700 2934 9.

498 2992 676 3075 Lyco
723 2993 868 3059 ideo
916 3012 1052 3059 non
1102 2996 1249 3061 vult
1294 2995 1586 3072 reddere,
1632 2994 1807 3077 quod
1856 3010 2122 3075 parcere
2162 2994 2331 3077 vult,
2361 3011 2447 3059 ne
2472 2982 2705 3059 &teniat

500 3116 789 3197 tempuS‚
840 3135 968 3200 quo
1005 3119 1437 3184 esuriendum
1475 3119 1568 3183 sit
1589 3140 1604 3199 ;
1647 3118 1821 3199 quod
1861 3118 2259 3199 pronuntiat
2282 3134 2383 3181 vs.
2412 3118 2543 3182 380
2568 3104 2707 3196 sq.3

499 3237 705 3315 igitur
744 3237 812 3302 hi
853 3256 1092 3304 versus
1128 3243 1284 3320 apte
1321 3240 1873 3321 praecedentibus
1896 3240 2375 3304 annectuntur.
2401 3237 2702 3303 Primum

499 3358 662 3423 dicit
721 3376 794 3425 se
855 3358 1123 3425 reddere
1188 3361 1373 3443 nolle,
1442 3361 1674 3426 deinde
1721 3362 1844 3426 hoc
1888 3360 2237 3426 consilium
2283 3377 2360 3426 eo
2408 3360 2700 3427 defendit

499 3484 916 3560 argumento,
995 3482 1167 3564 quod
1237 3484 1442 3548 ceteri
1510 3481 1803 3564 plerique
1872 3482 2234 3562 argentarii
2304 3500 2439 3548 non
2506 3484 2701 3548 aliter

499 3607 737 3683 agant3
787 3609 936 3668 tum
985 3604 1338 3685 significat,
1387 3622 1504 3670 cur
1551 3604 1819 3669 reddere
1866 3603 2051 3669 nolit.
2239 3604 2242 3608 '

590 3724 714 3789 Sed
771 3741 855 3790 ex
902 3698 1180 3801 duobus,
1225 3727 1338 3807 qui
1388 3742 1569 3792 nunc
1616 3729 2010 3807 sequuntur,
2062 3727 2370 3792 versibus
2418 3726 2547 3792 382
2600 3745 2698 3809 sq.

499 3846 752 3919 nemini
809 3846 1025 3911 adhuc
1073 3864 1310 3912 sanam
1357 3848 1771 3913 sententiam
1816 3864 2204 3927 expromere
2251 3848 2568 3930 contigit3
2618 3865 2700 3914 ne

501 3966 822 4032 Ussmfflo
883 3968 1170 4048 quidem,
1219 3968 1333 4049 qui
1379 3967 1510 4033 leni
1556 3968 1806 4034 iterum
1852 3968 2235 4034 coniectura
2280 3972 2553 4034 textum
2600 3988 2699 4036 sa·

499 4104 667 4151 num
713 4087 1074 4153 reddidisse
1123 4089 1247 4153 sibi
1299 4089 1490 4153 visus
1538 4095 1676 4169 est3
1726 4106 1843 4169 pro
1890 4106 2075 4154 nunc
2120 4090 2361 4155 suadet
2408 4095 2487 4156 ut
2533 4092 2699 4171 lega-

499 4212 612 4293 tur
657 4228 757 4273 ne.
830 4210 1162 4293 „Lyconi”
1211 4212 1308 4274 ait
1361 4227 1594 4293 „servo
1640 4227 1809 4291 opus
1855 4214 1994 4291 est3
2045 4228 2200 4276 eum
2248 4228 2467 4277 emere
2514 4214 2700 4295 cupit

499 4330 834 4409 praesenti
881 4331 1182 4411 pecunia,
1231 4347 1316 4396 ne
1364 4331 1423 4395 si
1471 4348 1748 4397 usuram
1796 4332 2009 4397 solam
2056 4333 2202 4397 eius
2242 4334 2483 4399 habeat
2523 4352 2699 4414 mag·

499 4468 716 4530 noque
780 4454 992 4531 pretio
1055 4452 1398 4533 conducat,
1465 4451 1672 4533 pluris
1736 4453 1860 4517 sibi
1908 4456 2045 4518 stet
2091 4471 2295 4535 quam
2343 4457 2402 4521 si
2447 4456 2700 4522 emat'’.
